%YAML 1.1
%TAG !u! tag:unity3d.com,2011:
--- !u!1 &245621597255806457
GameObject:
  m_ObjectHideFlags: 0
  m_CorrespondingSourceObject: {fileID: 0}
  m_PrefabInstance: {fileID: 0}
  m_PrefabAsset: {fileID: 0}
  serializedVersion: 6
  m_Component:
  - component: {fileID: 754654937525679923}
  - component: {fileID: 5785648072149993903}
  - component: {fileID: 5028710913665720575}
  m_Layer: 13
  m_Name: Flash Light
  m_TagString: Untagged
  m_Icon: {fileID: 0}
  m_NavMeshLayer: 0
  m_StaticEditorFlags: 0
  m_IsActive: 0
--- !u!4 &754654937525679923
Transform:
  m_ObjectHideFlags: 0
  m_CorrespondingSourceObject: {fileID: 0}
  m_PrefabInstance: {fileID: 0}
  m_PrefabAsset: {fileID: 0}
  m_GameObject: {fileID: 245621597255806457}
  m_LocalRotation: {x: 0, y: 0, z: 0, w: 1}
  m_LocalPosition: {x: 0.037, y: 0.0105, z: 0.0471}
  m_LocalScale: {x: 1, y: 1, z: 1}
  m_ConstrainProportionsScale: 0
  m_Children: []
  m_Father: {fileID: 1415669038781881340}
  m_RootOrder: -1
  m_LocalEulerAnglesHint: {x: 90, y: 0, z: 0}
--- !u!108 &5785648072149993903
Light:
  m_ObjectHideFlags: 0
  m_CorrespondingSourceObject: {fileID: 0}
  m_PrefabInstance: {fileID: 0}
  m_PrefabAsset: {fileID: 0}
  m_GameObject: {fileID: 245621597255806457}
  m_Enabled: 1
  serializedVersion: 10
  m_Type: 0
  m_Shape: 0
  m_Color: {r: 1, g: 1, b: 1, a: 1}
  m_Intensity: 2
  m_Range: 10
  m_SpotAngle: 110
  m_InnerSpotAngle: 90
  m_CookieSize: 10
  m_Shadows:
    m_Type: 1
    m_Resolution: -1
    m_CustomResolution: -1
    m_Strength: 1
    m_Bias: 0.05
    m_NormalBias: 0.4
    m_NearPlane: 0.2
    m_CullingMatrixOverride:
      e00: 1
      e01: 0
      e02: 0
      e03: 0
      e10: 0
      e11: 1
      e12: 0
      e13: 0
      e20: 0
      e21: 0
      e22: 1
      e23: 0
      e30: 0
      e31: 0
      e32: 0
      e33: 1
    m_UseCullingMatrixOverride: 0
  m_Cookie: {fileID: 0}
  m_DrawHalo: 0
  m_Flare: {fileID: 0}
  m_RenderMode: 0
  m_CullingMask:
    serializedVersion: 2
    m_Bits: 4294967295
  m_RenderingLayerMask: 1
  m_Lightmapping: 4
  m_LightShadowCasterMode: 0
  m_AreaSize: {x: 1, y: 1}
  m_BounceIntensity: 0
  m_ColorTemperature: 6570
  m_UseColorTemperature: 0
  m_BoundingSphereOverride: {x: 0, y: 0, z: 0, w: 0}
  m_UseBoundingSphereOverride: 0
  m_UseViewFrustumForShadowCasterCull: 1
  m_ShadowRadius: 0
  m_ShadowAngle: 0
--- !u!114 &5028710913665720575
MonoBehaviour:
  m_ObjectHideFlags: 0
  m_CorrespondingSourceObject: {fileID: 0}
  m_PrefabInstance: {fileID: 0}
  m_PrefabAsset: {fileID: 0}
  m_GameObject: {fileID: 245621597255806457}
  m_Enabled: 1
  m_EditorHideFlags: 0
  m_Script: {fileID: 11500000, guid: 474bcb49853aa07438625e644c072ee6, type: 3}
  m_Name: 
  m_EditorClassIdentifier: 
  m_Version: 2
  m_UsePipelineSettings: 1
  m_AdditionalLightsShadowResolutionTier: 2
  m_LightLayerMask: 1
  m_RenderingLayers: 1
  m_CustomShadowLayers: 0
  m_ShadowLayerMask: 1
  m_ShadowRenderingLayers: 1
  m_LightCookieSize: {x: 1, y: 1}
  m_LightCookieOffset: {x: 0, y: 0}
  m_SoftShadowQuality: 1
--- !u!1 &5193136871716346187
GameObject:
  m_ObjectHideFlags: 0
  m_CorrespondingSourceObject: {fileID: 0}
  m_PrefabInstance: {fileID: 0}
  m_PrefabAsset: {fileID: 0}
  serializedVersion: 6
  m_Component:
  - component: {fileID: 5326978974918155471}
  - component: {fileID: 3530587305400980903}
  - component: {fileID: 1347421850444475924}
  m_Layer: 13
  m_Name: Camera
  m_TagString: Untagged
  m_Icon: {fileID: 0}
  m_NavMeshLayer: 0
  m_StaticEditorFlags: 0
  m_IsActive: 1
--- !u!4 &5326978974918155471
Transform:
  m_ObjectHideFlags: 0
  m_CorrespondingSourceObject: {fileID: 0}
  m_PrefabInstance: {fileID: 0}
  m_PrefabAsset: {fileID: 0}
  m_GameObject: {fileID: 5193136871716346187}
  m_LocalRotation: {x: 0, y: 0, z: 0, w: 1}
  m_LocalPosition: {x: -0.0141, y: -0.0042, z: 0.0514}
  m_LocalScale: {x: 1, y: 1, z: 1}
  m_ConstrainProportionsScale: 0
  m_Children: []
  m_Father: {fileID: 1415669038781881340}
  m_RootOrder: -1
  m_LocalEulerAnglesHint: {x: 0, y: 0, z: 0}
--- !u!20 &3530587305400980903
Camera:
  m_ObjectHideFlags: 0
  m_CorrespondingSourceObject: {fileID: 0}
  m_PrefabInstance: {fileID: 0}
  m_PrefabAsset: {fileID: 0}
  m_GameObject: {fileID: 5193136871716346187}
  m_Enabled: 1
  serializedVersion: 2
  m_ClearFlags: 1
  m_BackGroundColor: {r: 0.19215687, g: 0.3019608, b: 0.4745098, a: 0}
  m_projectionMatrixMode: 1
  m_GateFitMode: 2
  m_FOVAxisMode: 0
  m_Iso: 200
  m_ShutterSpeed: 0.005
  m_Aperture: 16
  m_FocusDistance: 10
  m_FocalLength: 14.3010435
  m_BladeCount: 5
  m_Curvature: {x: 2, y: 11}
  m_BarrelClipping: 0.25
  m_Anamorphism: 0
  m_SensorSize: {x: 36, y: 24}
  m_LensShift: {x: 0, y: 0}
  m_NormalizedViewPortRect:
    serializedVersion: 2
    x: 0
    y: 0
    width: 1
    height: 1
  near clip plane: 0.022
  far clip plane: 1000
  field of view: 80
  orthographic: 0
  orthographic size: 5
  m_Depth: 0
  m_CullingMask:
    serializedVersion: 2
    m_Bits: 4294967295
  m_RenderingPath: -1
  m_TargetTexture: {fileID: 8400000, guid: faf9386fd975e7542870482d378dbebb, type: 2}
  m_TargetDisplay: 1
  m_TargetEye: 3
  m_HDR: 0
  m_AllowMSAA: 0
  m_AllowDynamicResolution: 0
  m_ForceIntoRT: 0
  m_OcclusionCulling: 1
  m_StereoConvergence: 10
  m_StereoSeparation: 0.022
--- !u!114 &1347421850444475924
MonoBehaviour:
  m_ObjectHideFlags: 0
  m_CorrespondingSourceObject: {fileID: 0}
  m_PrefabInstance: {fileID: 0}
  m_PrefabAsset: {fileID: 0}
  m_GameObject: {fileID: 5193136871716346187}
  m_Enabled: 1
  m_EditorHideFlags: 0
  m_Script: {fileID: 11500000, guid: a79441f348de89743a2939f4d699eac1, type: 3}
  m_Name: 
  m_EditorClassIdentifier: 
  m_RenderShadows: 1
  m_RequiresDepthTextureOption: 1
  m_RequiresOpaqueTextureOption: 1
  m_CameraType: 0
  m_Cameras: []
  m_RendererIndex: 1
  m_VolumeLayerMask:
    serializedVersion: 2
    m_Bits: 1
  m_VolumeTrigger: {fileID: 0}
  m_VolumeFrameworkUpdateModeOption: 2
  m_RenderPostProcessing: 0
  m_Antialiasing: 0
  m_AntialiasingQuality: 2
  m_StopNaN: 0
  m_Dithering: 0
  m_ClearDepth: 1
  m_AllowXRRendering: 0
  m_UseScreenCoordOverride: 0
  m_ScreenSizeOverride: {x: 0, y: 0, z: 0, w: 0}
  m_ScreenCoordScaleBias: {x: 0, y: 0, z: 0, w: 0}
  m_RequiresDepthTexture: 0
  m_RequiresColorTexture: 0
  m_Version: 2
--- !u!1 &6382302252345410378
GameObject:
  m_ObjectHideFlags: 0
  m_CorrespondingSourceObject: {fileID: 0}
  m_PrefabInstance: {fileID: 0}
  m_PrefabAsset: {fileID: 0}
  serializedVersion: 6
  m_Component:
  - component: {fileID: 4534396233942542575}
  m_Layer: 13
  m_Name: Picture Stack
  m_TagString: Untagged
  m_Icon: {fileID: 0}
  m_NavMeshLayer: 0
  m_StaticEditorFlags: 0
  m_IsActive: 1
--- !u!4 &4534396233942542575
Transform:
  m_ObjectHideFlags: 0
  m_CorrespondingSourceObject: {fileID: 0}
  m_PrefabInstance: {fileID: 0}
  m_PrefabAsset: {fileID: 0}
  m_GameObject: {fileID: 6382302252345410378}
  m_LocalRotation: {x: 0, y: 0, z: 0, w: 1}
  m_LocalPosition: {x: 0, y: 0, z: 0}
  m_LocalScale: {x: 1, y: 1, z: 1}
  m_ConstrainProportionsScale: 0
  m_Children: []
  m_Father: {fileID: 1415669038781881340}
  m_RootOrder: -1
  m_LocalEulerAnglesHint: {x: 0, y: 0, z: 0}
--- !u!1 &9085279050696369815
GameObject:
  m_ObjectHideFlags: 0
  m_CorrespondingSourceObject: {fileID: 0}
  m_PrefabInstance: {fileID: 0}
  m_PrefabAsset: {fileID: 0}
  serializedVersion: 6
  m_Component:
  - component: {fileID: 1415669038781881340}
  - component: {fileID: 1994795264096582508}
  - component: {fileID: 5391827747009655343}
  - component: {fileID: 5915750408034942873}
  - component: {fileID: 3548016675868126556}
  - component: {fileID: 5571326854019657719}
  - component: {fileID: 57466742146555064}
  - component: {fileID: 7615053368689454100}
  - component: {fileID: 5143354508255347480}
  m_Layer: 13
  m_Name: Handheld Camera
  m_TagString: Untagged
  m_Icon: {fileID: 0}
  m_NavMeshLayer: 0
  m_StaticEditorFlags: 0
  m_IsActive: 1
--- !u!4 &1415669038781881340
Transform:
  m_ObjectHideFlags: 0
  m_CorrespondingSourceObject: {fileID: 0}
  m_PrefabInstance: {fileID: 0}
  m_PrefabAsset: {fileID: 0}
  m_GameObject: {fileID: 9085279050696369815}
  m_LocalRotation: {x: 0, y: 0, z: 0, w: 1}
  m_LocalPosition: {x: 0, y: 0, z: 0}
  m_LocalScale: {x: 1, y: 1, z: 1}
  m_ConstrainProportionsScale: 0
  m_Children:
  - {fileID: 4184088197987226817}
  - {fileID: 5326978974918155471}
  - {fileID: 754654937525679923}
  - {fileID: 4534396233942542575}
  - {fileID: 7657013648219352307}
  m_Father: {fileID: 0}
  m_RootOrder: 0
  m_LocalEulerAnglesHint: {x: 0, y: 0, z: 0}
--- !u!114 &1994795264096582508
MonoBehaviour:
  m_ObjectHideFlags: 0
  m_CorrespondingSourceObject: {fileID: 0}
  m_PrefabInstance: {fileID: 0}
  m_PrefabAsset: {fileID: 0}
  m_GameObject: {fileID: 9085279050696369815}
  m_Enabled: 1
  m_EditorHideFlags: 0
  m_Script: {fileID: 11500000, guid: fd001e916e8c4334da735cbb6a3e6edc, type: 3}
  m_Name: 
  m_EditorClassIdentifier: 
  screenRenderer: {fileID: 1446650007404399775}
  pictureCamera: {fileID: 3530587305400980903}
  pictureDummy: {fileID: 7657013648219352307}
  pictureStack: {fileID: 4534396233942542575}
  photoResolution: {x: 512, y: 448}
  targetInputSource: 0
  grabTypeToListenTo: 0
  actionForTakingPhoto:
    actionPath: /actions/default/in/GrabPinch
    needsReinit: 0
  zoomInAction:
    actionPath: /actions/default/in/SwitchToolModeBack
    needsReinit: 0
  zoomOutAction:
    actionPath: /actions/default/in/SwitchToolMode
    needsReinit: 0
  minZoom: 25
  maxZoom: 120
  dropzone: {fileID: 0}
--- !u!114 &5391827747009655343
MonoBehaviour:
  m_ObjectHideFlags: 0
  m_CorrespondingSourceObject: {fileID: 0}
  m_PrefabInstance: {fileID: 0}
  m_PrefabAsset: {fileID: 0}
  m_GameObject: {fileID: 9085279050696369815}
  m_Enabled: 1
  m_EditorHideFlags: 0
  m_Script: {fileID: 11500000, guid: c59c028ea4c7eb44bb3e6896768cafbb, type: 3}
  m_Name: 
  m_EditorClassIdentifier: 
  synchronizedElement: {fileID: 1994795264096582508}
  pose: 11
--- !u!114 &5915750408034942873
MonoBehaviour:
  m_ObjectHideFlags: 0
  m_CorrespondingSourceObject: {fileID: 0}
  m_PrefabInstance: {fileID: 0}
  m_PrefabAsset: {fileID: 0}
  m_GameObject: {fileID: 9085279050696369815}
  m_Enabled: 1
  m_EditorHideFlags: 0
  m_Script: {fileID: 11500000, guid: e7418c7dd8f977d4e969202d3fa7e926, type: 3}
  m_Name: 
  m_EditorClassIdentifier: 
  poseEditorExpanded: 1
  blendEditorExpanded: 1
  poseNames:
  - Camera (MAIN)
  overridePreviewLeftHandPrefab: {fileID: 1000013348574242, guid: 638779290bce1af49b356f33dcc6fccf,
    type: 3}
  overridePreviewRightHandPrefab: {fileID: 1000010304998954, guid: 6def53d002137b747aec0b29551e0e25,
    type: 3}
  skeletonMainPose: {fileID: 11400000, guid: be7ca69872984fa4e809982d8350cf40, type: 2}
  skeletonAdditionalPoses: []
  showLeftPreview: 0
  showRightPreview: 0
  previewLeftInstance: {fileID: 0}
  previewRightInstance: {fileID: 0}
  previewPoseSelection: 0
  blendingBehaviours: []
  scale: 1
--- !u!114 &3548016675868126556
MonoBehaviour:
  m_ObjectHideFlags: 0
  m_CorrespondingSourceObject: {fileID: 0}
  m_PrefabInstance: {fileID: 0}
  m_PrefabAsset: {fileID: 0}
  m_GameObject: {fileID: 9085279050696369815}
  m_Enabled: 1
  m_EditorHideFlags: 0
  m_Script: {fileID: 11500000, guid: b93b6a877adcbf94c89a9d6e0c0e844d, type: 3}
  m_Name: 
  m_EditorClassIdentifier: 
  activateActionSetOnAttach:
    actionSetPath: 
  hideHandOnAttach: 0
  hideSkeletonOnAttach: 0
  hideControllerOnAttach: 0
  handAnimationOnPickup: 0
  setRangeOfMotionOnPickup: -1
  useHandObjectAttachmentPoint: 1
  attachEaseIn: 0
  snapAttachEaseInCurve:
    serializedVersion: 2
    m_Curve:
    - serializedVersion: 3
      time: 0
      value: 0
      inSlope: 0
      outSlope: 0
      tangentMode: 0
      weightedMode: 0
      inWeight: 0
      outWeight: 0
    - serializedVersion: 3
      time: 1
      value: 1
      inSlope: 0
      outSlope: 0
      tangentMode: 0
      weightedMode: 0
      inWeight: 0
      outWeight: 0
    m_PreInfinity: 2
    m_PostInfinity: 2
    m_RotationOrder: 4
  snapAttachEaseInTime: 0.15
  snapAttachEaseInCompleted: 0
  skeletonPoser: {fileID: 0}
  handFollowTransform: 1
  highlightOnHover: 0
  hideHighlight: []
  hoverPriority: 0
--- !u!114 &5571326854019657719
MonoBehaviour:
  m_ObjectHideFlags: 0
  m_CorrespondingSourceObject: {fileID: 0}
  m_PrefabInstance: {fileID: 0}
  m_PrefabAsset: {fileID: 0}
  m_GameObject: {fileID: 9085279050696369815}
  m_Enabled: 1
  m_EditorHideFlags: 0
  m_Script: {fileID: 11500000, guid: b8d4cc6cf300b3e4bb1411c4e041030c, type: 3}
  m_Name: 
  m_EditorClassIdentifier: 
  teleportAllowed: 1
  overrideHoverLock: 1
--- !u!54 &57466742146555064
Rigidbody:
  m_ObjectHideFlags: 0
  m_CorrespondingSourceObject: {fileID: 0}
  m_PrefabInstance: {fileID: 0}
  m_PrefabAsset: {fileID: 0}
  m_GameObject: {fileID: 9085279050696369815}
  serializedVersion: 4
  m_Mass: 5
  m_Drag: 0
  m_AngularDrag: 0.05
  m_CenterOfMass: {x: 0, y: 0, z: 0}
  m_InertiaTensor: {x: 1, y: 1, z: 1}
  m_InertiaRotation: {x: 0, y: 0, z: 0, w: 1}
  m_IncludeLayers:
    serializedVersion: 2
    m_Bits: 0
  m_ExcludeLayers:
    serializedVersion: 2
    m_Bits: 0
  m_ImplicitCom: 1
  m_ImplicitTensor: 1
  m_UseGravity: 1
  m_IsKinematic: 1
  m_Interpolate: 0
  m_Constraints: 0
  m_CollisionDetection: 0
--- !u!114 &7615053368689454100
MonoBehaviour:
  m_ObjectHideFlags: 0
  m_CorrespondingSourceObject: {fileID: 0}
  m_PrefabInstance: {fileID: 0}
  m_PrefabAsset: {fileID: 0}
  m_GameObject: {fileID: 9085279050696369815}
  m_Enabled: 1
  m_EditorHideFlags: 0
  m_Script: {fileID: 11500000, guid: e649601aa1221f74ba754897aae42bc4, type: 3}
  m_Name: 
  m_EditorClassIdentifier: 
  showGrabHint: 0
  HovorColor: {r: 1, g: 0.5647059, b: 0.2509804, a: 1}
  ActiveColor: {r: 1, g: 1, b: 1, a: 1}
  MarkedInWhiteboardColor: {r: 0.2509804, g: 0.6901961, b: 1, a: 1}
  OutlineWidth: 5
  notifyOnHoverBegin:
    m_PersistentCalls:
      m_Calls: []
  notifyOnHoverEnd:
    m_PersistentCalls:
      m_Calls: []
--- !u!114 &5143354508255347480
MonoBehaviour:
  m_ObjectHideFlags: 0
  m_CorrespondingSourceObject: {fileID: 0}
  m_PrefabInstance: {fileID: 0}
  m_PrefabAsset: {fileID: 0}
  m_GameObject: {fileID: 9085279050696369815}
  m_Enabled: 1
  m_EditorHideFlags: 0
  m_Script: {fileID: 11500000, guid: 4229bf85279d41547aafcc64a905a59c, type: 3}
  m_Name: 
  m_EditorClassIdentifier: 
  sources:
  - name: photo
    loop: 0
    volume: 1
    clips:
    - {fileID: 8300000, guid: 88cf8381c11062b448268f400a4a3dea, type: 3}
    - {fileID: 8300000, guid: beafcf16b92967c4cbe6780dfd19e830, type: 3}
    source: {fileID: 0}
  - name: print
    loop: 0
    volume: 1
    clips:
    - {fileID: 8300000, guid: fee51d4632053aa419935514de87fb82, type: 3}
    source: {fileID: 0}
--- !u!1001 &2753122694372902187
PrefabInstance:
  m_ObjectHideFlags: 0
  serializedVersion: 2
  m_Modification:
    serializedVersion: 3
    m_TransformParent: {fileID: 1415669038781881340}
    m_Modifications:
    - target: {fileID: 52740011191594972, guid: b0f51bddfac0dff4daabc5d05d87fd49,
        type: 3}
      propertyPath: m_Name
      value: Picture Dummy
      objectReference: {fileID: 0}
    - target: {fileID: 2619855040177408941, guid: b0f51bddfac0dff4daabc5d05d87fd49,
        type: 3}
      propertyPath: m_Convex
      value: 1
      objectReference: {fileID: 0}
    - target: {fileID: 2619855040177408941, guid: b0f51bddfac0dff4daabc5d05d87fd49,
        type: 3}
      propertyPath: m_Enabled
      value: 1
      objectReference: {fileID: 0}
    - target: {fileID: 5509630608298961368, guid: b0f51bddfac0dff4daabc5d05d87fd49,
        type: 3}
      propertyPath: m_RootOrder
      value: -1
      objectReference: {fileID: 0}
    - target: {fileID: 5509630608298961368, guid: b0f51bddfac0dff4daabc5d05d87fd49,
        type: 3}
      propertyPath: m_LocalPosition.x
      value: 0
      objectReference: {fileID: 0}
    - target: {fileID: 5509630608298961368, guid: b0f51bddfac0dff4daabc5d05d87fd49,
        type: 3}
      propertyPath: m_LocalPosition.y
      value: -0.05924332
      objectReference: {fileID: 0}
    - target: {fileID: 5509630608298961368, guid: b0f51bddfac0dff4daabc5d05d87fd49,
        type: 3}
      propertyPath: m_LocalPosition.z
      value: -0.008573055
      objectReference: {fileID: 0}
    - target: {fileID: 5509630608298961368, guid: b0f51bddfac0dff4daabc5d05d87fd49,
        type: 3}
      propertyPath: m_LocalEulerAnglesHint.x
      value: 0
      objectReference: {fileID: 0}
    - target: {fileID: 5509630608298961368, guid: b0f51bddfac0dff4daabc5d05d87fd49,
        type: 3}
      propertyPath: m_LocalEulerAnglesHint.y
      value: 0
      objectReference: {fileID: 0}
    - target: {fileID: 5509630608298961368, guid: b0f51bddfac0dff4daabc5d05d87fd49,
        type: 3}
      propertyPath: m_LocalEulerAnglesHint.z
      value: 0
      objectReference: {fileID: 0}
    m_RemovedComponents: []
    m_RemovedGameObjects: []
    m_AddedGameObjects: []
    m_AddedComponents: []
  m_SourcePrefab: {fileID: 100100000, guid: b0f51bddfac0dff4daabc5d05d87fd49, type: 3}
--- !u!4 &7657013648219352307 stripped
Transform:
  m_CorrespondingSourceObject: {fileID: 5509630608298961368, guid: b0f51bddfac0dff4daabc5d05d87fd49,
    type: 3}
  m_PrefabInstance: {fileID: 2753122694372902187}
  m_PrefabAsset: {fileID: 0}
--- !u!1001 &4438974118885569322
PrefabInstance:
  m_ObjectHideFlags: 0
  serializedVersion: 2
  m_Modification:
    serializedVersion: 3
    m_TransformParent: {fileID: 1415669038781881340}
    m_Modifications:
    - target: {fileID: -8823938405297825783, guid: 06c6443a67bd4434e9ff1468fa695f48,
        type: 3}
      propertyPath: m_Layer
      value: 13
      objectReference: {fileID: 0}
    - target: {fileID: -8679921383154817045, guid: 06c6443a67bd4434e9ff1468fa695f48,
        type: 3}
      propertyPath: m_RootOrder
      value: -1
      objectReference: {fileID: 0}
    - target: {fileID: -8679921383154817045, guid: 06c6443a67bd4434e9ff1468fa695f48,
        type: 3}
      propertyPath: m_LocalScale.x
      value: 0.015
      objectReference: {fileID: 0}
    - target: {fileID: -8679921383154817045, guid: 06c6443a67bd4434e9ff1468fa695f48,
        type: 3}
      propertyPath: m_LocalScale.y
      value: 0.015
      objectReference: {fileID: 0}
    - target: {fileID: -8679921383154817045, guid: 06c6443a67bd4434e9ff1468fa695f48,
        type: 3}
      propertyPath: m_LocalScale.z
      value: 0.015
      objectReference: {fileID: 0}
    - target: {fileID: -8679921383154817045, guid: 06c6443a67bd4434e9ff1468fa695f48,
        type: 3}
      propertyPath: m_LocalPosition.x
      value: 0
      objectReference: {fileID: 0}
    - target: {fileID: -8679921383154817045, guid: 06c6443a67bd4434e9ff1468fa695f48,
        type: 3}
      propertyPath: m_LocalPosition.y
      value: 0
      objectReference: {fileID: 0}
    - target: {fileID: -8679921383154817045, guid: 06c6443a67bd4434e9ff1468fa695f48,
        type: 3}
      propertyPath: m_LocalPosition.z
      value: 0
      objectReference: {fileID: 0}
    - target: {fileID: -8679921383154817045, guid: 06c6443a67bd4434e9ff1468fa695f48,
        type: 3}
      propertyPath: m_LocalRotation.w
      value: 0.7071068
      objectReference: {fileID: 0}
    - target: {fileID: -8679921383154817045, guid: 06c6443a67bd4434e9ff1468fa695f48,
        type: 3}
      propertyPath: m_LocalRotation.x
      value: 0
      objectReference: {fileID: 0}
    - target: {fileID: -8679921383154817045, guid: 06c6443a67bd4434e9ff1468fa695f48,
        type: 3}
      propertyPath: m_LocalRotation.y
      value: -0.7071068
      objectReference: {fileID: 0}
    - target: {fileID: -8679921383154817045, guid: 06c6443a67bd4434e9ff1468fa695f48,
        type: 3}
      propertyPath: m_LocalRotation.z
      value: 0
      objectReference: {fileID: 0}
    - target: {fileID: -8679921383154817045, guid: 06c6443a67bd4434e9ff1468fa695f48,
        type: 3}
      propertyPath: m_LocalEulerAnglesHint.x
      value: 0
      objectReference: {fileID: 0}
    - target: {fileID: -8679921383154817045, guid: 06c6443a67bd4434e9ff1468fa695f48,
        type: 3}
      propertyPath: m_LocalEulerAnglesHint.y
      value: -90
      objectReference: {fileID: 0}
    - target: {fileID: -8679921383154817045, guid: 06c6443a67bd4434e9ff1468fa695f48,
        type: 3}
      propertyPath: m_LocalEulerAnglesHint.z
      value: 0
      objectReference: {fileID: 0}
    - target: {fileID: -8679921383154817045, guid: 06c6443a67bd4434e9ff1468fa695f48,
        type: 3}
      propertyPath: m_ConstrainProportionsScale
      value: 1
      objectReference: {fileID: 0}
    - target: {fileID: -7968504832990173612, guid: 06c6443a67bd4434e9ff1468fa695f48,
        type: 3}
      propertyPath: m_Layer
      value: 13
      objectReference: {fileID: 0}
    - target: {fileID: -5401364085167258791, guid: 06c6443a67bd4434e9ff1468fa695f48,
        type: 3}
      propertyPath: m_Layer
      value: 13
      objectReference: {fileID: 0}
    - target: {fileID: -4629771993057809342, guid: 06c6443a67bd4434e9ff1468fa695f48,
        type: 3}
      propertyPath: m_Convex
      value: 1
      objectReference: {fileID: 0}
    - target: {fileID: -4629771993057809342, guid: 06c6443a67bd4434e9ff1468fa695f48,
        type: 3}
      propertyPath: m_CookingOptions
      value: 14
      objectReference: {fileID: 0}
    - target: {fileID: -2112230584882151792, guid: 06c6443a67bd4434e9ff1468fa695f48,
        type: 3}
      propertyPath: m_Layer
      value: 13
      objectReference: {fileID: 0}
    - target: {fileID: -2025054165299337204, guid: 06c6443a67bd4434e9ff1468fa695f48,
        type: 3}
      propertyPath: m_Layer
      value: 13
      objectReference: {fileID: 0}
    - target: {fileID: 919132149155446097, guid: 06c6443a67bd4434e9ff1468fa695f48,
        type: 3}
      propertyPath: m_Name
      value: Camera_low
      objectReference: {fileID: 0}
    - target: {fileID: 919132149155446097, guid: 06c6443a67bd4434e9ff1468fa695f48,
        type: 3}
      propertyPath: m_Layer
      value: 13
      objectReference: {fileID: 0}
    - target: {fileID: 997426009828781475, guid: 06c6443a67bd4434e9ff1468fa695f48,
        type: 3}
      propertyPath: m_Layer
      value: 13
      objectReference: {fileID: 0}
    - target: {fileID: 997426009828781475, guid: 06c6443a67bd4434e9ff1468fa695f48,
        type: 3}
      propertyPath: m_IsActive
      value: 0
      objectReference: {fileID: 0}
    - target: {fileID: 1298578820518797395, guid: 06c6443a67bd4434e9ff1468fa695f48,
        type: 3}
      propertyPath: m_Layer
      value: 13
      objectReference: {fileID: 0}
    - target: {fileID: 1678810430837053178, guid: 06c6443a67bd4434e9ff1468fa695f48,
        type: 3}
      propertyPath: m_Layer
      value: 13
      objectReference: {fileID: 0}
    - target: {fileID: 3024831802074093368, guid: 06c6443a67bd4434e9ff1468fa695f48,
        type: 3}
      propertyPath: m_Layer
      value: 13
      objectReference: {fileID: 0}
    - target: {fileID: 3817716977033399001, guid: 06c6443a67bd4434e9ff1468fa695f48,
        type: 3}
      propertyPath: m_Convex
      value: 1
      objectReference: {fileID: 0}
    - target: {fileID: 3817716977033399001, guid: 06c6443a67bd4434e9ff1468fa695f48,
        type: 3}
      propertyPath: m_Enabled
      value: 1
      objectReference: {fileID: 0}
    - target: {fileID: 3817716977033399001, guid: 06c6443a67bd4434e9ff1468fa695f48,
        type: 3}
      propertyPath: m_CookingOptions
      value: 14
      objectReference: {fileID: 0}
    - target: {fileID: 4100948315579845089, guid: 06c6443a67bd4434e9ff1468fa695f48,
        type: 3}
      propertyPath: m_Layer
      value: 13
      objectReference: {fileID: 0}
    - target: {fileID: 7443161922222511015, guid: 06c6443a67bd4434e9ff1468fa695f48,
        type: 3}
      propertyPath: m_Convex
      value: 1
      objectReference: {fileID: 0}
    - target: {fileID: 7443161922222511015, guid: 06c6443a67bd4434e9ff1468fa695f48,
        type: 3}
      propertyPath: m_CookingOptions
      value: 14
      objectReference: {fileID: 0}
    - target: {fileID: 8378201601896515554, guid: 06c6443a67bd4434e9ff1468fa695f48,
        type: 3}
      propertyPath: m_Layer
      value: 13
      objectReference: {fileID: 0}
    m_RemovedComponents:
    - {fileID: 3295803030647214423, guid: 06c6443a67bd4434e9ff1468fa695f48, type: 3}
    - {fileID: 1867977752505130931, guid: 06c6443a67bd4434e9ff1468fa695f48, type: 3}
    - {fileID: 123382642672804218, guid: 06c6443a67bd4434e9ff1468fa695f48, type: 3}
    - {fileID: -3896708964661814788, guid: 06c6443a67bd4434e9ff1468fa695f48, type: 3}
    m_RemovedGameObjects: []
    m_AddedGameObjects: []
    m_AddedComponents: []
  m_SourcePrefab: {fileID: 100100000, guid: 06c6443a67bd4434e9ff1468fa695f48, type: 3}
--- !u!23 &1446650007404399775 stripped
MeshRenderer:
  m_CorrespondingSourceObject: {fileID: -6230184773425004619, guid: 06c6443a67bd4434e9ff1468fa695f48,
    type: 3}
  m_PrefabInstance: {fileID: 4438974118885569322}
  m_PrefabAsset: {fileID: 0}
--- !u!4 &4184088197987226817 stripped
Transform:
  m_CorrespondingSourceObject: {fileID: -8679921383154817045, guid: 06c6443a67bd4434e9ff1468fa695f48,
    type: 3}
  m_PrefabInstance: {fileID: 4438974118885569322}
  m_PrefabAsset: {fileID: 0}
