%YAML 1.1
%TAG !u! tag:unity3d.com,2011:
--- !u!1 &97848291857966260
GameObject:
  m_ObjectHideFlags: 0
  m_CorrespondingSourceObject: {fileID: 0}
  m_PrefabInstance: {fileID: 0}
  m_PrefabAsset: {fileID: 0}
  serializedVersion: 6
  m_Component:
  - component: {fileID: 5795824366745733893}
  - component: {fileID: 931451448871951365}
  - component: {fileID: 8682037341166764063}
  m_Layer: 5
  m_Name: Bar (2)
  m_TagString: Untagged
  m_Icon: {fileID: 0}
  m_NavMeshLayer: 0
  m_StaticEditorFlags: 0
  m_IsActive: 1
--- !u!224 &5795824366745733893
RectTransform:
  m_ObjectHideFlags: 0
  m_CorrespondingSourceObject: {fileID: 0}
  m_PrefabInstance: {fileID: 0}
  m_PrefabAsset: {fileID: 0}
  m_GameObject: {fileID: 97848291857966260}
  m_LocalRotation: {x: -0, y: -0, z: -0, w: 1}
  m_LocalPosition: {x: 0, y: 0, z: 0}
  m_LocalScale: {x: 1, y: 1, z: 1}
  m_ConstrainProportionsScale: 0
  m_Children: []
  m_Father: {fileID: 6546793862401553085}
  m_RootOrder: -1
  m_LocalEulerAnglesHint: {x: 0, y: 0, z: 0}
  m_AnchorMin: {x: 0, y: 0}
  m_AnchorMax: {x: 0, y: 1}
  m_AnchoredPosition: {x: 60, y: 0}
  m_SizeDelta: {x: 40, y: 0}
  m_Pivot: {x: 0.5, y: 0.5}
--- !u!222 &931451448871951365
CanvasRenderer:
  m_ObjectHideFlags: 0
  m_CorrespondingSourceObject: {fileID: 0}
  m_PrefabInstance: {fileID: 0}
  m_PrefabAsset: {fileID: 0}
  m_GameObject: {fileID: 97848291857966260}
  m_CullTransparentMesh: 1
--- !u!114 &8682037341166764063
MonoBehaviour:
  m_ObjectHideFlags: 0
  m_CorrespondingSourceObject: {fileID: 0}
  m_PrefabInstance: {fileID: 0}
  m_PrefabAsset: {fileID: 0}
  m_GameObject: {fileID: 97848291857966260}
  m_Enabled: 1
  m_EditorHideFlags: 0
  m_Script: {fileID: 11500000, guid: fe87c0e1cc204ed48ad3b37840f39efc, type: 3}
  m_Name: 
  m_EditorClassIdentifier: 
  m_Material: {fileID: 0}
  m_Color: {r: 1, g: 1, b: 1, a: 1}
  m_RaycastTarget: 1
  m_RaycastPadding: {x: 0, y: 0, z: 0, w: 0}
  m_Maskable: 1
  m_OnCullStateChanged:
    m_PersistentCalls:
      m_Calls: []
  m_Sprite: {fileID: 0}
  m_Type: 0
  m_PreserveAspect: 0
  m_FillCenter: 1
  m_FillMethod: 4
  m_FillAmount: 1
  m_FillClockwise: 1
  m_FillOrigin: 0
  m_UseSpriteMesh: 0
  m_PixelsPerUnitMultiplier: 1
--- !u!1 &1429200008024453924
GameObject:
  m_ObjectHideFlags: 0
  m_CorrespondingSourceObject: {fileID: 0}
  m_PrefabInstance: {fileID: 0}
  m_PrefabAsset: {fileID: 0}
  serializedVersion: 6
  m_Component:
  - component: {fileID: 1438560968919734118}
  - component: {fileID: 7752778623161133073}
  - component: {fileID: 5353992801108312798}
  - component: {fileID: 5796178952125600371}
  m_Layer: 5
  m_Name: Info Canvas
  m_TagString: Untagged
  m_Icon: {fileID: 0}
  m_NavMeshLayer: 0
  m_StaticEditorFlags: 0
  m_IsActive: 1
--- !u!224 &1438560968919734118
RectTransform:
  m_ObjectHideFlags: 0
  m_CorrespondingSourceObject: {fileID: 0}
  m_PrefabInstance: {fileID: 0}
  m_PrefabAsset: {fileID: 0}
  m_GameObject: {fileID: 1429200008024453924}
  m_LocalRotation: {x: 0, y: 1, z: 0, w: 0}
  m_LocalPosition: {x: 0, y: 0, z: 0.02348}
  m_LocalScale: {x: 0.001, y: 0.001, z: 0.001}
  m_ConstrainProportionsScale: 1
  m_Children:
  - {fileID: 2750028647737848913}
  - {fileID: 6546793862401553085}
  m_Father: {fileID: 1897869906334897331}
  m_RootOrder: -1
  m_LocalEulerAnglesHint: {x: 0, y: 180, z: 0}
  m_AnchorMin: {x: 0, y: 0}
  m_AnchorMax: {x: 0, y: 0}
  m_AnchoredPosition: {x: 0, y: 0.0787}
  m_SizeDelta: {x: 130, y: 27}
  m_Pivot: {x: 0.5, y: 0.5}
--- !u!223 &7752778623161133073
Canvas:
  m_ObjectHideFlags: 0
  m_CorrespondingSourceObject: {fileID: 0}
  m_PrefabInstance: {fileID: 0}
  m_PrefabAsset: {fileID: 0}
  m_GameObject: {fileID: 1429200008024453924}
  m_Enabled: 1
  serializedVersion: 3
  m_RenderMode: 2
  m_Camera: {fileID: 0}
  m_PlaneDistance: 100
  m_PixelPerfect: 0
  m_ReceivesEvents: 1
  m_OverrideSorting: 0
  m_OverridePixelPerfect: 0
  m_SortingBucketNormalizedSize: 0
  m_AdditionalShaderChannelsFlag: 25
  m_UpdateRectTransformForStandalone: 0
  m_SortingLayerID: 0
  m_SortingOrder: 0
  m_TargetDisplay: 0
--- !u!114 &5353992801108312798
MonoBehaviour:
  m_ObjectHideFlags: 0
  m_CorrespondingSourceObject: {fileID: 0}
  m_PrefabInstance: {fileID: 0}
  m_PrefabAsset: {fileID: 0}
  m_GameObject: {fileID: 1429200008024453924}
  m_Enabled: 1
  m_EditorHideFlags: 0
  m_Script: {fileID: 11500000, guid: 0cd44c1031e13a943bb63640046fad76, type: 3}
  m_Name: 
  m_EditorClassIdentifier: 
  m_UiScaleMode: 0
  m_ReferencePixelsPerUnit: 100
  m_ScaleFactor: 1
  m_ReferenceResolution: {x: 800, y: 600}
  m_ScreenMatchMode: 0
  m_MatchWidthOrHeight: 0
  m_PhysicalUnit: 3
  m_FallbackScreenDPI: 96
  m_DefaultSpriteDPI: 96
  m_DynamicPixelsPerUnit: 1
  m_PresetInfoIsWorld: 1
--- !u!114 &5796178952125600371
MonoBehaviour:
  m_ObjectHideFlags: 0
  m_CorrespondingSourceObject: {fileID: 0}
  m_PrefabInstance: {fileID: 0}
  m_PrefabAsset: {fileID: 0}
  m_GameObject: {fileID: 1429200008024453924}
  m_Enabled: 1
  m_EditorHideFlags: 0
  m_Script: {fileID: 11500000, guid: dc42784cf147c0c48a680349fa168899, type: 3}
  m_Name: 
  m_EditorClassIdentifier: 
  m_IgnoreReversedGraphics: 1
  m_BlockingObjects: 0
  m_BlockingMask:
    serializedVersion: 2
    m_Bits: 4294967295
--- !u!1 &1651320208292520370
GameObject:
  m_ObjectHideFlags: 0
  m_CorrespondingSourceObject: {fileID: 0}
  m_PrefabInstance: {fileID: 0}
  m_PrefabAsset: {fileID: 0}
  serializedVersion: 6
  m_Component:
  - component: {fileID: 261010061495138876}
  - component: {fileID: 6721251338234669776}
  - component: {fileID: 4910053119121979502}
  m_Layer: 5
  m_Name: Bar (3)
  m_TagString: Untagged
  m_Icon: {fileID: 0}
  m_NavMeshLayer: 0
  m_StaticEditorFlags: 0
  m_IsActive: 1
--- !u!224 &261010061495138876
RectTransform:
  m_ObjectHideFlags: 0
  m_CorrespondingSourceObject: {fileID: 0}
  m_PrefabInstance: {fileID: 0}
  m_PrefabAsset: {fileID: 0}
  m_GameObject: {fileID: 1651320208292520370}
  m_LocalRotation: {x: -0, y: -0, z: -0, w: 1}
  m_LocalPosition: {x: 0, y: 0, z: 0}
  m_LocalScale: {x: 1, y: 1, z: 1}
  m_ConstrainProportionsScale: 0
  m_Children: []
  m_Father: {fileID: 6546793862401553085}
  m_RootOrder: -1
  m_LocalEulerAnglesHint: {x: 0, y: 0, z: 0}
  m_AnchorMin: {x: 0, y: 0}
  m_AnchorMax: {x: 0, y: 1}
  m_AnchoredPosition: {x: 100, y: 0}
  m_SizeDelta: {x: 40, y: 0}
  m_Pivot: {x: 0.5, y: 0.5}
--- !u!222 &6721251338234669776
CanvasRenderer:
  m_ObjectHideFlags: 0
  m_CorrespondingSourceObject: {fileID: 0}
  m_PrefabInstance: {fileID: 0}
  m_PrefabAsset: {fileID: 0}
  m_GameObject: {fileID: 1651320208292520370}
  m_CullTransparentMesh: 1
--- !u!114 &4910053119121979502
MonoBehaviour:
  m_ObjectHideFlags: 0
  m_CorrespondingSourceObject: {fileID: 0}
  m_PrefabInstance: {fileID: 0}
  m_PrefabAsset: {fileID: 0}
  m_GameObject: {fileID: 1651320208292520370}
  m_Enabled: 1
  m_EditorHideFlags: 0
  m_Script: {fileID: 11500000, guid: fe87c0e1cc204ed48ad3b37840f39efc, type: 3}
  m_Name: 
  m_EditorClassIdentifier: 
  m_Material: {fileID: 0}
  m_Color: {r: 1, g: 1, b: 1, a: 0.101960786}
  m_RaycastTarget: 1
  m_RaycastPadding: {x: 0, y: 0, z: 0, w: 0}
  m_Maskable: 1
  m_OnCullStateChanged:
    m_PersistentCalls:
      m_Calls: []
  m_Sprite: {fileID: 0}
  m_Type: 0
  m_PreserveAspect: 0
  m_FillCenter: 1
  m_FillMethod: 4
  m_FillAmount: 1
  m_FillClockwise: 1
  m_FillOrigin: 0
  m_UseSpriteMesh: 0
  m_PixelsPerUnitMultiplier: 1
--- !u!1 &1775391972856052045
GameObject:
  m_ObjectHideFlags: 0
  m_CorrespondingSourceObject: {fileID: 0}
  m_PrefabInstance: {fileID: 0}
  m_PrefabAsset: {fileID: 0}
  serializedVersion: 6
  m_Component:
  - component: {fileID: 2750028647737848913}
  - component: {fileID: 2090573862641440614}
  - component: {fileID: 9055278167109308700}
  m_Layer: 5
  m_Name: Info Text
  m_TagString: Untagged
  m_Icon: {fileID: 0}
  m_NavMeshLayer: 0
  m_StaticEditorFlags: 0
  m_IsActive: 1
--- !u!224 &2750028647737848913
RectTransform:
  m_ObjectHideFlags: 0
  m_CorrespondingSourceObject: {fileID: 0}
  m_PrefabInstance: {fileID: 0}
  m_PrefabAsset: {fileID: 0}
  m_GameObject: {fileID: 1775391972856052045}
  m_LocalRotation: {x: 0, y: 0, z: 0, w: 1}
  m_LocalPosition: {x: 0, y: 0, z: 0}
  m_LocalScale: {x: 1, y: 1, z: 1}
  m_ConstrainProportionsScale: 0
  m_Children: []
  m_Father: {fileID: 1438560968919734118}
  m_RootOrder: -1
  m_LocalEulerAnglesHint: {x: 0, y: 0, z: 0}
  m_AnchorMin: {x: 0, y: 0}
  m_AnchorMax: {x: 1, y: 1}
  m_AnchoredPosition: {x: 0, y: -1.5}
  m_SizeDelta: {x: 0, y: -3}
  m_Pivot: {x: 0.5, y: 0.5}
--- !u!222 &2090573862641440614
CanvasRenderer:
  m_ObjectHideFlags: 0
  m_CorrespondingSourceObject: {fileID: 0}
  m_PrefabInstance: {fileID: 0}
  m_PrefabAsset: {fileID: 0}
  m_GameObject: {fileID: 1775391972856052045}
  m_CullTransparentMesh: 1
--- !u!114 &9055278167109308700
MonoBehaviour:
  m_ObjectHideFlags: 0
  m_CorrespondingSourceObject: {fileID: 0}
  m_PrefabInstance: {fileID: 0}
  m_PrefabAsset: {fileID: 0}
  m_GameObject: {fileID: 1775391972856052045}
  m_Enabled: 1
  m_EditorHideFlags: 0
  m_Script: {fileID: 11500000, guid: f4688fdb7df04437aeb418b961361dc5, type: 3}
  m_Name: 
  m_EditorClassIdentifier: 
  m_Material: {fileID: 0}
  m_Color: {r: 1, g: 1, b: 1, a: 1}
  m_RaycastTarget: 1
  m_RaycastPadding: {x: 0, y: 0, z: 0, w: 0}
  m_Maskable: 1
  m_OnCullStateChanged:
    m_PersistentCalls:
      m_Calls: []
  m_text: Audio Input Device Name With a Very Long Name (Microphone tralalala)
  m_isRightToLeft: 0
  m_fontAsset: {fileID: 11400000, guid: 8f586378b4e144a9851e7b34d9b748ee, type: 2}
  m_sharedMaterial: {fileID: 2180264, guid: 8f586378b4e144a9851e7b34d9b748ee, type: 2}
  m_fontSharedMaterials: []
  m_fontMaterial: {fileID: 0}
  m_fontMaterials: []
  m_fontColor32:
    serializedVersion: 2
    rgba: 3221225471
  m_fontColor: {r: 1, g: 1, b: 1, a: 0.7490196}
  m_enableVertexGradient: 0
  m_colorMode: 3
  m_fontColorGradient:
    topLeft: {r: 1, g: 1, b: 1, a: 1}
    topRight: {r: 1, g: 1, b: 1, a: 1}
    bottomLeft: {r: 1, g: 1, b: 1, a: 1}
    bottomRight: {r: 1, g: 1, b: 1, a: 1}
  m_fontColorGradientPreset: {fileID: 0}
  m_spriteAsset: {fileID: 0}
  m_tintAllSprites: 0
  m_StyleSheet: {fileID: 0}
  m_TextStyleHashCode: -1183493901
  m_overrideHtmlColors: 0
  m_faceColor:
    serializedVersion: 2
    rgba: 4294967295
  m_fontSize: 10
  m_fontSizeBase: 10
  m_fontWeight: 400
  m_enableAutoSizing: 0
  m_fontSizeMin: 18
  m_fontSizeMax: 72
  m_fontStyle: 0
  m_HorizontalAlignment: 2
  m_VerticalAlignment: 512
  m_textAlignment: 65535
  m_characterSpacing: 0
  m_wordSpacing: 0
  m_lineSpacing: 0
  m_lineSpacingMax: 0
  m_paragraphSpacing: 0
  m_charWidthMaxAdj: 0
  m_enableWordWrapping: 1
  m_wordWrappingRatios: 0.4
  m_overflowMode: 1
  m_linkedTextComponent: {fileID: 0}
  parentLinkedComponent: {fileID: 0}
  m_enableKerning: 1
  m_enableExtraPadding: 0
  checkPaddingRequired: 0
  m_isRichText: 1
  m_parseCtrlCharacters: 1
  m_isOrthographic: 1
  m_isCullingEnabled: 0
  m_horizontalMapping: 0
  m_verticalMapping: 0
  m_uvLineOffset: 0
  m_geometrySortingOrder: 0
  m_IsTextObjectScaleStatic: 0
  m_VertexBufferAutoSizeReduction: 0
  m_useMaxVisibleDescender: 1
  m_pageToDisplay: 1
  m_margin: {x: 0, y: 0, z: 0, w: 0}
  m_isUsingLegacyAnimationComponent: 0
  m_isVolumetricText: 0
  m_hasFontAssetChanged: 0
  m_baseMaterial: {fileID: 0}
  m_maskOffset: {x: 0, y: 0, z: 0, w: 0}
--- !u!1 &1897869906334897340
GameObject:
  m_ObjectHideFlags: 0
  m_CorrespondingSourceObject: {fileID: 0}
  m_PrefabInstance: {fileID: 0}
  m_PrefabAsset: {fileID: 0}
  serializedVersion: 6
  m_Component:
  - component: {fileID: 1897869906334897331}
  - component: {fileID: 5984869079777971391}
  - component: {fileID: 7249127801517642037}
  - component: {fileID: 6580022449566092641}
  - component: {fileID: 6799587142507376690}
  - component: {fileID: 8822606054322877742}
  - component: {fileID: 8566456314945773866}
  - component: {fileID: 2534191477325941542}
  - component: {fileID: 3579610503690448365}
  - component: {fileID: 536384793898919401}
  m_Layer: 0
  m_Name: MicroPhone
  m_TagString: Untagged
  m_Icon: {fileID: 0}
  m_NavMeshLayer: 0
  m_StaticEditorFlags: 0
  m_IsActive: 1
--- !u!4 &1897869906334897331
Transform:
  m_ObjectHideFlags: 0
  m_CorrespondingSourceObject: {fileID: 0}
  m_PrefabInstance: {fileID: 0}
  m_PrefabAsset: {fileID: 0}
  m_GameObject: {fileID: 1897869906334897340}
  m_LocalRotation: {x: 0, y: 0, z: 0, w: 1}
  m_LocalPosition: {x: 0, y: 0, z: 0}
  m_LocalScale: {x: 1, y: 1, z: 1}
  m_ConstrainProportionsScale: 0
  m_Children:
  - {fileID: 3840941160453166003}
  - {fileID: 1438560968919734118}
  - {fileID: 7110421650712315296}
  - {fileID: 8373751473417855480}
  - {fileID: 4475794348699291356}
  m_Father: {fileID: 0}
  m_RootOrder: 0
  m_LocalEulerAnglesHint: {x: 0, y: 0, z: 0}
--- !u!114 &5984869079777971391
MonoBehaviour:
  m_ObjectHideFlags: 0
  m_CorrespondingSourceObject: {fileID: 0}
  m_PrefabInstance: {fileID: 0}
  m_PrefabAsset: {fileID: 0}
  m_GameObject: {fileID: 1897869906334897340}
  m_Enabled: 1
  m_EditorHideFlags: 0
  m_Script: {fileID: 11500000, guid: 4adfa21d7bc7ac349942f977d548e183, type: 3}
  m_Name: 
  m_EditorClassIdentifier: 
  dropzone: {fileID: 0}
  targetInputSource: 0
  grabTypeToListenTo: 0
  infoText: {fileID: 9055278167109308700}
  ringRenderer: {fileID: 2105845566140231552}
  deviceIndexIndicator: {fileID: 6546793862401553085}
  recordingProgressBar: {fileID: 4867982009015738188}
  actionNextAudioDevice:
    actionPath: /actions/default/in/SwitchToolMode
    needsReinit: 0
  actionPreviousAudioDevice:
    actionPath: /actions/default/in/SwitchToolModeBack
    needsReinit: 0
  actionForRecording:
    actionPath: /actions/default/in/GrabPinch
    needsReinit: 0
  pinPreview: {fileID: 9186879476796619586}
--- !u!114 &7249127801517642037
MonoBehaviour:
  m_ObjectHideFlags: 0
  m_CorrespondingSourceObject: {fileID: 0}
  m_PrefabInstance: {fileID: 0}
  m_PrefabAsset: {fileID: 0}
  m_GameObject: {fileID: 1897869906334897340}
  m_Enabled: 1
  m_EditorHideFlags: 0
  m_Script: {fileID: 11500000, guid: 9ac102913f23fd9438ba35095ac6d647, type: 3}
  m_Name: 
  m_EditorClassIdentifier: 
  ElementToMap: {fileID: 1897869906334897340}
  DeleteAfterWhiteboardAttachment: 0
  RayCastingMask:
    serializedVersion: 2
    m_Bits: 64
  AttachmentPointIndicator: {fileID: 3441798886284181588}
  onAttachment:
    m_PersistentCalls:
      m_Calls: []
--- !u!114 &6580022449566092641
MonoBehaviour:
  m_ObjectHideFlags: 0
  m_CorrespondingSourceObject: {fileID: 0}
  m_PrefabInstance: {fileID: 0}
  m_PrefabAsset: {fileID: 0}
  m_GameObject: {fileID: 1897869906334897340}
  m_Enabled: 1
  m_EditorHideFlags: 0
  m_Script: {fileID: 11500000, guid: c59c028ea4c7eb44bb3e6896768cafbb, type: 3}
  m_Name: 
  m_EditorClassIdentifier: 
  id: 0
  synchronizedElement: {fileID: 5984869079777971391}
  pose: 14
--- !u!114 &6799587142507376690
MonoBehaviour:
  m_ObjectHideFlags: 0
  m_CorrespondingSourceObject: {fileID: 0}
  m_PrefabInstance: {fileID: 0}
  m_PrefabAsset: {fileID: 0}
  m_GameObject: {fileID: 1897869906334897340}
  m_Enabled: 1
  m_EditorHideFlags: 0
  m_Script: {fileID: 11500000, guid: e7418c7dd8f977d4e969202d3fa7e926, type: 3}
  m_Name: 
  m_EditorClassIdentifier: 
  poseEditorExpanded: 1
  blendEditorExpanded: 1
  poseNames:
  - Microphone (MAIN)
  overridePreviewLeftHandPrefab: {fileID: 1000013348574242, guid: 638779290bce1af49b356f33dcc6fccf,
    type: 3}
  overridePreviewRightHandPrefab: {fileID: 1000010304998954, guid: 6def53d002137b747aec0b29551e0e25,
    type: 3}
  skeletonMainPose: {fileID: 11400000, guid: 3971d3d63c21fe945ac0fed21d35a2ba, type: 2}
  skeletonAdditionalPoses: []
  showLeftPreview: 0
  showRightPreview: 0
  previewLeftInstance: {fileID: 0}
  previewRightInstance: {fileID: 0}
  previewPoseSelection: 0
  blendingBehaviours: []
  scale: 1
--- !u!114 &8822606054322877742
MonoBehaviour:
  m_ObjectHideFlags: 0
  m_CorrespondingSourceObject: {fileID: 0}
  m_PrefabInstance: {fileID: 0}
  m_PrefabAsset: {fileID: 0}
  m_GameObject: {fileID: 1897869906334897340}
  m_Enabled: 1
  m_EditorHideFlags: 0
  m_Script: {fileID: 11500000, guid: b93b6a877adcbf94c89a9d6e0c0e844d, type: 3}
  m_Name: 
  m_EditorClassIdentifier: 
  activateActionSetOnAttach:
    actionSetPath: 
  hideHandOnAttach: 0
  hideSkeletonOnAttach: 0
  hideControllerOnAttach: 1
  handAnimationOnPickup: 0
  setRangeOfMotionOnPickup: -1
  useHandObjectAttachmentPoint: 1
  attachEaseIn: 0
  snapAttachEaseInCurve:
    serializedVersion: 2
    m_Curve:
    - serializedVersion: 3
      time: 0
      value: 0
      inSlope: 0
      outSlope: 0
      tangentMode: 0
      weightedMode: 0
      inWeight: 0
      outWeight: 0
    - serializedVersion: 3
      time: 1
      value: 1
      inSlope: 0
      outSlope: 0
      tangentMode: 0
      weightedMode: 0
      inWeight: 0
      outWeight: 0
    m_PreInfinity: 2
    m_PostInfinity: 2
    m_RotationOrder: 4
  snapAttachEaseInTime: 0.15
  snapAttachEaseInCompleted: 0
  skeletonPoser: {fileID: 0}
  handFollowTransform: 1
  highlightOnHover: 0
  hideHighlight: []
  hoverPriority: 0
--- !u!54 &8566456314945773866
Rigidbody:
  m_ObjectHideFlags: 0
  m_CorrespondingSourceObject: {fileID: 0}
  m_PrefabInstance: {fileID: 0}
  m_PrefabAsset: {fileID: 0}
  m_GameObject: {fileID: 1897869906334897340}
  serializedVersion: 4
  m_Mass: 3
  m_Drag: 0
  m_AngularDrag: 0.05
  m_CenterOfMass: {x: 0, y: 0, z: 0}
  m_InertiaTensor: {x: 1, y: 1, z: 1}
  m_InertiaRotation: {x: 0, y: 0, z: 0, w: 1}
  m_IncludeLayers:
    serializedVersion: 2
    m_Bits: 0
  m_ExcludeLayers:
    serializedVersion: 2
    m_Bits: 0
  m_ImplicitCom: 1
  m_ImplicitTensor: 1
  m_UseGravity: 1
  m_IsKinematic: 1
  m_Interpolate: 0
  m_Constraints: 0
  m_CollisionDetection: 0
--- !u!135 &2534191477325941542
SphereCollider:
  m_ObjectHideFlags: 0
  m_CorrespondingSourceObject: {fileID: 0}
  m_PrefabInstance: {fileID: 0}
  m_PrefabAsset: {fileID: 0}
  m_GameObject: {fileID: 1897869906334897340}
  m_Material: {fileID: 0}
  m_IncludeLayers:
    serializedVersion: 2
    m_Bits: 0
  m_ExcludeLayers:
    serializedVersion: 2
    m_Bits: 0
  m_LayerOverridePriority: 0
  m_IsTrigger: 1
  m_ProvidesContacts: 0
  m_Enabled: 1
  serializedVersion: 3
  m_Radius: 0.02
  m_Center: {x: 0, y: -0.1, z: 0}
--- !u!114 &3579610503690448365
MonoBehaviour:
  m_ObjectHideFlags: 0
  m_CorrespondingSourceObject: {fileID: 0}
  m_PrefabInstance: {fileID: 0}
  m_PrefabAsset: {fileID: 0}
  m_GameObject: {fileID: 1897869906334897340}
  m_Enabled: 1
  m_EditorHideFlags: 0
  m_Script: {fileID: 11500000, guid: b8d4cc6cf300b3e4bb1411c4e041030c, type: 3}
  m_Name: 
  m_EditorClassIdentifier: 
  teleportAllowed: 1
  overrideHoverLock: 0
--- !u!114 &536384793898919401
MonoBehaviour:
  m_ObjectHideFlags: 0
  m_CorrespondingSourceObject: {fileID: 0}
  m_PrefabInstance: {fileID: 0}
  m_PrefabAsset: {fileID: 0}
  m_GameObject: {fileID: 1897869906334897340}
  m_Enabled: 1
  m_EditorHideFlags: 0
  m_Script: {fileID: 11500000, guid: e649601aa1221f74ba754897aae42bc4, type: 3}
  m_Name: 
  m_EditorClassIdentifier: 
  showGrabHint: 1
  HovorColor: {r: 1, g: 0.5647059, b: 0.2509804, a: 1}
  ActiveColor: {r: 1, g: 1, b: 1, a: 1}
  MarkedInWhiteboardColor: {r: 0.2509804, g: 0.6901961, b: 1, a: 1}
  OutlineWidth: 5
  notifyOnHoverBegin:
    m_PersistentCalls:
      m_Calls: []
  notifyOnHoverEnd:
    m_PersistentCalls:
      m_Calls: []
--- !u!1 &2249818433221226365
GameObject:
  m_ObjectHideFlags: 0
  m_CorrespondingSourceObject: {fileID: 0}
  m_PrefabInstance: {fileID: 0}
  m_PrefabAsset: {fileID: 0}
  serializedVersion: 6
  m_Component:
  - component: {fileID: 4475794348699291356}
  m_Layer: 0
  m_Name: Pin Indicator
  m_TagString: Untagged
  m_Icon: {fileID: 0}
  m_NavMeshLayer: 0
  m_StaticEditorFlags: 0
  m_IsActive: 1
--- !u!4 &4475794348699291356
Transform:
  m_ObjectHideFlags: 0
  m_CorrespondingSourceObject: {fileID: 0}
  m_PrefabInstance: {fileID: 0}
  m_PrefabAsset: {fileID: 0}
  m_GameObject: {fileID: 2249818433221226365}
  m_LocalRotation: {x: -0.7071068, y: 0, z: 0, w: 0.7071068}
  m_LocalPosition: {x: 0, y: -0.1185, z: 0}
  m_LocalScale: {x: 1, y: 1, z: 1}
  m_ConstrainProportionsScale: 0
  m_Children:
  - {fileID: 2632469940409309934}
  m_Father: {fileID: 1897869906334897331}
  m_RootOrder: -1
  m_LocalEulerAnglesHint: {x: -90, y: 0, z: 0}
--- !u!1 &2405638794659024062
GameObject:
  m_ObjectHideFlags: 0
  m_CorrespondingSourceObject: {fileID: 0}
  m_PrefabInstance: {fileID: 0}
  m_PrefabAsset: {fileID: 0}
  serializedVersion: 6
  m_Component:
  - component: {fileID: 5840608161867341186}
  - component: {fileID: 2113274946689505910}
  - component: {fileID: 3429331638927377161}
  m_Layer: 5
  m_Name: Bar (1)
  m_TagString: Untagged
  m_Icon: {fileID: 0}
  m_NavMeshLayer: 0
  m_StaticEditorFlags: 0
  m_IsActive: 1
--- !u!224 &5840608161867341186
RectTransform:
  m_ObjectHideFlags: 0
  m_CorrespondingSourceObject: {fileID: 0}
  m_PrefabInstance: {fileID: 0}
  m_PrefabAsset: {fileID: 0}
  m_GameObject: {fileID: 2405638794659024062}
  m_LocalRotation: {x: -0, y: -0, z: -0, w: 1}
  m_LocalPosition: {x: 0, y: 0, z: 0}
  m_LocalScale: {x: 1, y: 1, z: 1}
  m_ConstrainProportionsScale: 0
  m_Children: []
  m_Father: {fileID: 6546793862401553085}
  m_RootOrder: -1
  m_LocalEulerAnglesHint: {x: 0, y: 0, z: 0}
  m_AnchorMin: {x: 0, y: 0}
  m_AnchorMax: {x: 0, y: 1}
  m_AnchoredPosition: {x: 20, y: 0}
  m_SizeDelta: {x: 40, y: 0}
  m_Pivot: {x: 0.5, y: 0.5}
--- !u!222 &2113274946689505910
CanvasRenderer:
  m_ObjectHideFlags: 0
  m_CorrespondingSourceObject: {fileID: 0}
  m_PrefabInstance: {fileID: 0}
  m_PrefabAsset: {fileID: 0}
  m_GameObject: {fileID: 2405638794659024062}
  m_CullTransparentMesh: 1
--- !u!114 &3429331638927377161
MonoBehaviour:
  m_ObjectHideFlags: 0
  m_CorrespondingSourceObject: {fileID: 0}
  m_PrefabInstance: {fileID: 0}
  m_PrefabAsset: {fileID: 0}
  m_GameObject: {fileID: 2405638794659024062}
  m_Enabled: 1
  m_EditorHideFlags: 0
  m_Script: {fileID: 11500000, guid: fe87c0e1cc204ed48ad3b37840f39efc, type: 3}
  m_Name: 
  m_EditorClassIdentifier: 
  m_Material: {fileID: 0}
  m_Color: {r: 1, g: 1, b: 1, a: 0.101960786}
  m_RaycastTarget: 1
  m_RaycastPadding: {x: 0, y: 0, z: 0, w: 0}
  m_Maskable: 1
  m_OnCullStateChanged:
    m_PersistentCalls:
      m_Calls: []
  m_Sprite: {fileID: 0}
  m_Type: 0
  m_PreserveAspect: 0
  m_FillCenter: 1
  m_FillMethod: 4
  m_FillAmount: 1
  m_FillClockwise: 1
  m_FillOrigin: 0
  m_UseSpriteMesh: 0
  m_PixelsPerUnitMultiplier: 1
--- !u!1 &3316485509050354362
GameObject:
  m_ObjectHideFlags: 0
  m_CorrespondingSourceObject: {fileID: 0}
  m_PrefabInstance: {fileID: 0}
  m_PrefabAsset: {fileID: 0}
  serializedVersion: 6
  m_Component:
  - component: {fileID: 6546793862401553085}
  m_Layer: 5
  m_Name: Device Index Indicator
  m_TagString: Untagged
  m_Icon: {fileID: 0}
  m_NavMeshLayer: 0
  m_StaticEditorFlags: 0
  m_IsActive: 1
--- !u!224 &6546793862401553085
RectTransform:
  m_ObjectHideFlags: 0
  m_CorrespondingSourceObject: {fileID: 0}
  m_PrefabInstance: {fileID: 0}
  m_PrefabAsset: {fileID: 0}
  m_GameObject: {fileID: 3316485509050354362}
  m_LocalRotation: {x: 0, y: 0, z: 0, w: 1}
  m_LocalPosition: {x: 0, y: 0, z: 0}
  m_LocalScale: {x: 1, y: 1, z: 1}
  m_ConstrainProportionsScale: 0
  m_Children:
  - {fileID: 5840608161867341186}
  - {fileID: 5795824366745733893}
  - {fileID: 261010061495138876}
  m_Father: {fileID: 1438560968919734118}
  m_RootOrder: -1
  m_LocalEulerAnglesHint: {x: 0, y: 0, z: 0}
  m_AnchorMin: {x: 0.5, y: 0.5}
  m_AnchorMax: {x: 0.5, y: 0.5}
  m_AnchoredPosition: {x: 0, y: 11}
  m_SizeDelta: {x: 120, y: 2}
  m_Pivot: {x: 0.5, y: 0.5}
--- !u!1 &8818394353996682538
GameObject:
  m_ObjectHideFlags: 0
  m_CorrespondingSourceObject: {fileID: 0}
  m_PrefabInstance: {fileID: 0}
  m_PrefabAsset: {fileID: 0}
  serializedVersion: 6
  m_Component:
  - component: {fileID: 7110421650712315296}
  - component: {fileID: 7399787322910030756}
  - component: {fileID: 4867982009015738188}
  - component: {fileID: 1776530579280472333}
  m_Layer: 0
  m_Name: RecordingProgress
  m_TagString: Untagged
  m_Icon: {fileID: 0}
  m_NavMeshLayer: 0
  m_StaticEditorFlags: 0
  m_IsActive: 0
--- !u!4 &7110421650712315296
Transform:
  m_ObjectHideFlags: 0
  m_CorrespondingSourceObject: {fileID: 0}
  m_PrefabInstance: {fileID: 0}
  m_PrefabAsset: {fileID: 0}
  m_GameObject: {fileID: 8818394353996682538}
  m_LocalRotation: {x: 0.08715578, y: 0, z: 0, w: 0.9961947}
  m_LocalPosition: {x: 0, y: 0.0992, z: 0.0248}
  m_LocalScale: {x: 0.050000004, y: 0.050000004, z: 0.05}
  m_ConstrainProportionsScale: 1
  m_Children: []
  m_Father: {fileID: 1897869906334897331}
  m_RootOrder: -1
  m_LocalEulerAnglesHint: {x: 10, y: 0, z: 0}
--- !u!212 &7399787322910030756
SpriteRenderer:
  m_ObjectHideFlags: 0
  m_CorrespondingSourceObject: {fileID: 0}
  m_PrefabInstance: {fileID: 0}
  m_PrefabAsset: {fileID: 0}
  m_GameObject: {fileID: 8818394353996682538}
  m_Enabled: 1
  m_CastShadows: 0
  m_ReceiveShadows: 0
  m_DynamicOccludee: 1
  m_StaticShadowCaster: 0
  m_MotionVectors: 1
  m_LightProbeUsage: 1
  m_ReflectionProbeUsage: 1
  m_RayTracingMode: 0
  m_RayTraceProcedural: 0
  m_RenderingLayerMask: 1
  m_RendererPriority: 0
  m_Materials:
  - {fileID: 0}
  m_StaticBatchInfo:
    firstSubMesh: 0
    subMeshCount: 0
  m_StaticBatchRoot: {fileID: 0}
  m_ProbeAnchor: {fileID: 0}
  m_LightProbeVolumeOverride: {fileID: 0}
  m_ScaleInLightmap: 1
  m_ReceiveGI: 1
  m_PreserveUVs: 0
  m_IgnoreNormalsForChartDetection: 0
  m_ImportantGI: 0
  m_StitchLightmapSeams: 1
  m_SelectedEditorRenderState: 0
  m_MinimumChartSize: 4
  m_AutoUVMaxDistance: 0.5
  m_AutoUVMaxAngle: 89
  m_LightmapParameters: {fileID: 0}
  m_SortingLayerID: 0
  m_SortingLayer: 0
  m_SortingOrder: 0
  m_Sprite: {fileID: 21300000, guid: f6c970738e788484a8856a098a1bf1b5, type: 3}
  m_Color: {r: 1, g: 1, b: 1, a: 1}
  m_FlipX: 0
  m_FlipY: 0
  m_DrawMode: 0
  m_Size: {x: 1.6, y: 1.6}
  m_AdaptiveModeThreshold: 0.5
  m_SpriteTileMode: 0
  m_WasSpriteAssigned: 1
  m_MaskInteraction: 0
  m_SpriteSortPoint: 0
--- !u!114 &4867982009015738188
MonoBehaviour:
  m_ObjectHideFlags: 0
  m_CorrespondingSourceObject: {fileID: 0}
  m_PrefabInstance: {fileID: 0}
  m_PrefabAsset: {fileID: 0}
  m_GameObject: {fileID: 8818394353996682538}
  m_Enabled: 1
  m_EditorHideFlags: 0
  m_Script: {fileID: 11500000, guid: b872877891a7cf342803ea9745a0be0b, type: 3}
  m_Name: 
  m_EditorClassIdentifier: 
  parentName: Player
  hbName: Primary
  updatesPerSecond: 30
  usingSpriteRenderer: 1
  forceBuiltInShader: 0
  <OverlayColor>k__BackingField:
    _value: {r: 1, g: 1, b: 1, a: 1}
    _isDirty: 0
  <InnerColor>k__BackingField:
    _value: {r: 1, g: 1, b: 1, a: 1}
    _isDirty: 0
  <BorderColor>k__BackingField:
    _value: {r: 1, g: 1, b: 1, a: 1}
    _isDirty: 0
  <EmptyColor>k__BackingField:
    _value: {r: 0.075, g: 0.11875001, b: 0.15, a: 1}
    _isDirty: 0
  <SpaceColor>k__BackingField:
    _value: {r: 1, g: 1, b: 1, a: 0}
    _isDirty: 0
  <SegmentCount>k__BackingField:
    _value: 1
    _isDirty: 0
  <RemoveSegments>k__BackingField:
    _value: 0.43
    _isDirty: 0
  <SegmentSpacing>k__BackingField:
    _value: 0
    _isDirty: 0
  <Arc>k__BackingField:
    _value: 0.5
    _isDirty: 0
  <Radius>k__BackingField:
    _value: 0.4
    _isDirty: 0
  <LineWidth>k__BackingField:
    _value: 0.025
    _isDirty: 0
  <Rotation>k__BackingField:
    _value: 180
    _isDirty: 0
  <Offset>k__BackingField:
    _value: {x: 0, y: 0}
    _isDirty: 0
  <BorderWidth>k__BackingField:
    _value: 0
    _isDirty: 0
  <BorderSpacing>k__BackingField:
    _value: 0
    _isDirty: 0
  <RemoveBorder>k__BackingField:
    _value: 0.5
    _isDirty: 0
  <OverlayNoiseEnabled>k__BackingField:
    _value: 0
    _isDirty: 0
  <OverlayNoiseScale>k__BackingField:
    _value: 100
    _isDirty: 0
  <OverlayNoiseStrength>k__BackingField:
    _value: 0.5
    _isDirty: 0
  <OverlayNoiseOffset>k__BackingField:
    _value: {x: 0, y: 0}
    _isDirty: 0
  <EmptyNoiseEnabled>k__BackingField:
    _value: 0
    _isDirty: 0
  <EmptyNoiseScale>k__BackingField:
    _value: 100
    _isDirty: 0
  <EmptyNoiseStrength>k__BackingField:
    _value: 0.5
    _isDirty: 0
  <EmptyNoiseOffset>k__BackingField:
    _value: {x: 0, y: 0}
    _isDirty: 0
  <ContentNoiseEnabled>k__BackingField:
    _value: 0
    _isDirty: 0
  <ContentNoiseScale>k__BackingField:
    _value: 10
    _isDirty: 0
  <ContentNoiseStrength>k__BackingField:
    _value: 0.59
    _isDirty: 0
  <ContentNoiseOffset>k__BackingField:
    _value: {x: 4.27, y: 0}
    _isDirty: 0
  <PulsateWhenLow>k__BackingField:
    _value: 0
    _isDirty: 0
  <PulseColor>k__BackingField:
    _value: {r: 1, g: 1, b: 1, a: 1}
    _isDirty: 0
  <PulseSpeed>k__BackingField:
    _value: 10
    _isDirty: 0
  <PulseActivationThreshold>k__BackingField:
    _value: 0.39
    _isDirty: 0
  <OverlayTextureEnabled>k__BackingField:
    _value: 0
    _isDirty: 0
  <OverlayTexture>k__BackingField:
    _value: {fileID: 0}
    _isDirty: 0
  <OverlayTextureOpacity>k__BackingField:
    _value: 1
    _isDirty: 0
  <OverlayTextureTiling>k__BackingField:
    _value: {x: 1, y: 1}
    _isDirty: 0
  <OverlayTextureOffset>k__BackingField:
    _value: {x: 0, y: 0}
    _isDirty: 0
  <InnerTextureEnabled>k__BackingField:
    _value: 0
    _isDirty: 0
  <InnerTexture>k__BackingField:
    _value: {fileID: 0}
    _isDirty: 0
  <AlignInnerTexture>k__BackingField:
    _value: 0
    _isDirty: 0
  <InnerTextureScaleWithSegments>k__BackingField:
    _value: 0
    _isDirty: 0
  <InnerTextureOpacity>k__BackingField:
    _value: 1
    _isDirty: 0
  <InnerTextureTiling>k__BackingField:
    _value: {x: 1, y: 1}
    _isDirty: 0
  <InnerTextureOffset>k__BackingField:
    _value: {x: 0, y: 0}
    _isDirty: 0
  <BorderTextureEnabled>k__BackingField:
    _value: 0
    _isDirty: 0
  <BorderTexture>k__BackingField:
    _value: {fileID: 2800000, guid: 691817112414d7e48acdf76e60628515, type: 3}
    _isDirty: 0
  <AlignBorderTexture>k__BackingField:
    _value: 1
    _isDirty: 0
  <BorderTextureScaleWithSegments>k__BackingField:
    _value: 1
    _isDirty: 0
  <BorderTextureOpacity>k__BackingField:
    _value: 0.362
    _isDirty: 0
  <BorderTextureTiling>k__BackingField:
    _value: {x: 0, y: 1}
    _isDirty: 0
  <BorderTextureOffset>k__BackingField:
    _value: {x: 0, y: -0}
    _isDirty: 0
  <EmptyTextureEnabled>k__BackingField:
    _value: 0
    _isDirty: 0
  <EmptyTexture>k__BackingField:
    _value: {fileID: 0}
    _isDirty: 0
  <AlignEmptyTexture>k__BackingField:
    _value: 1
    _isDirty: 0
  <EmptyTextureScaleWithSegments>k__BackingField:
    _value: 1
    _isDirty: 0
  <EmptyTextureOpacity>k__BackingField:
    _value: 1
    _isDirty: 0
  <EmptyTextureTiling>k__BackingField:
    _value: {x: 1, y: 1}
    _isDirty: 0
  <EmptyTextureOffset>k__BackingField:
    _value: {x: 0, y: 0}
    _isDirty: 0
  <SpaceTextureEnabled>k__BackingField:
    _value: 0
    _isDirty: 0
  <SpaceTexture>k__BackingField:
    _value: {fileID: 0}
    _isDirty: 0
  <AlignSpaceTexture>k__BackingField:
    _value: 1
    _isDirty: 0
  <SpaceTextureOpacity>k__BackingField:
    _value: 1
    _isDirty: 0
  <SpaceTextureTiling>k__BackingField:
    _value: {x: 1, y: 1}
    _isDirty: 0
  <SpaceTextureOffset>k__BackingField:
    _value: {x: 0, y: 0}
    _isDirty: 0
  <InnerGradient>k__BackingField:
    _value:
      serializedVersion: 2
      key0: {r: 1, g: 0.23032965, b: 0, a: 1}
      key1: {r: 1, g: 0.73893946, b: 0, a: 1}
      key2: {r: 0, g: 0, b: 0, a: 0}
      key3: {r: 0, g: 0, b: 0, a: 0}
      key4: {r: 0, g: 0, b: 0, a: 0}
      key5: {r: 0, g: 0, b: 0, a: 0}
      key6: {r: 0, g: 0, b: 0, a: 0}
      key7: {r: 0, g: 0, b: 0, a: 0}
      ctime0: 0
      ctime1: 65535
      ctime2: 0
      ctime3: 0
      ctime4: 0
      ctime5: 0
      ctime6: 0
      ctime7: 0
      atime0: 0
      atime1: 65535
      atime2: 0
      atime3: 0
      atime4: 0
      atime5: 0
      atime6: 0
      atime7: 0
      m_Mode: 0
      m_ColorSpace: -1
      m_NumColorKeys: 2
      m_NumAlphaKeys: 2
    _isDirty: 0
  <InnerGradientEnabled>k__BackingField:
    _value: 1
    _isDirty: 0
  <ValueAsGradientTimeInner>k__BackingField:
    _value: 0
    _isDirty: 0
  <EmptyGradient>k__BackingField:
    _value:
      serializedVersion: 2
      key0: {r: 1, g: 1, b: 1, a: 1}
      key1: {r: 1, g: 1, b: 1, a: 1}
      key2: {r: 0, g: 0, b: 0, a: 0}
      key3: {r: 0, g: 0, b: 0, a: 0}
      key4: {r: 0, g: 0, b: 0, a: 0}
      key5: {r: 0, g: 0, b: 0, a: 0}
      key6: {r: 0, g: 0, b: 0, a: 0}
      key7: {r: 0, g: 0, b: 0, a: 0}
      ctime0: 0
      ctime1: 65535
      ctime2: 0
      ctime3: 0
      ctime4: 0
      ctime5: 0
      ctime6: 0
      ctime7: 0
      atime0: 0
      atime1: 65535
      atime2: 0
      atime3: 0
      atime4: 0
      atime5: 0
      atime6: 0
      atime7: 0
      m_Mode: 0
      m_ColorSpace: -1
      m_NumColorKeys: 2
      m_NumAlphaKeys: 2
    _isDirty: 0
  <EmptyGradientEnabled>k__BackingField:
    _value: 0
    _isDirty: 0
  <ValueAsGradientTimeEmpty>k__BackingField:
    _value: 0
    _isDirty: 0
  <VariableWidthCurve>k__BackingField:
    _value:
      serializedVersion: 2
      m_Curve:
      - serializedVersion: 3
        time: 0
        value: 0.2
        inSlope: 0.8
        outSlope: 0.8
        tangentMode: 34
        weightedMode: 0
        inWeight: 0
        outWeight: 0.33333334
      - serializedVersion: 3
        time: 1
        value: 1
        inSlope: 0.8
        outSlope: 0.8
        tangentMode: 34
        weightedMode: 0
        inWeight: 0.33333334
        outWeight: 0
      m_PreInfinity: 2
      m_PostInfinity: 2
      m_RotationOrder: 4
    _isDirty: 0
  <FillClockwise>k__BackingField:
    _value: 1
    _isDirty: 0
--- !u!95 &1776530579280472333
Animator:
  serializedVersion: 4
  m_ObjectHideFlags: 0
  m_CorrespondingSourceObject: {fileID: 0}
  m_PrefabInstance: {fileID: 0}
  m_PrefabAsset: {fileID: 0}
  m_GameObject: {fileID: 8818394353996682538}
  m_Enabled: 1
  m_Avatar: {fileID: 0}
  m_Controller: {fileID: 9100000, guid: 879442357e366434199abf2a870837a0, type: 2}
  m_CullingMode: 0
  m_UpdateMode: 0
  m_ApplyRootMotion: 0
  m_LinearVelocityBlending: 0
  m_StabilizeFeet: 0
  m_WarningMessage: 
  m_HasTransformHierarchy: 1
  m_AllowConstantClipSamplingOptimization: 1
  m_KeepAnimatorControllerStateOnDisable: 0
--- !u!1001 &1633118982475766213
PrefabInstance:
  m_ObjectHideFlags: 0
  serializedVersion: 2
  m_Modification:
    serializedVersion: 3
    m_TransformParent: {fileID: 1897869906334897331}
    m_Modifications:
    - target: {fileID: 7106552215524079677, guid: f586c29636d9b23428042f7ad24cead7,
        type: 3}
      propertyPath: m_RootOrder
      value: -1
      objectReference: {fileID: 0}
    - target: {fileID: 7106552215524079677, guid: f586c29636d9b23428042f7ad24cead7,
        type: 3}
      propertyPath: m_LocalScale.x
      value: 5
      objectReference: {fileID: 0}
    - target: {fileID: 7106552215524079677, guid: f586c29636d9b23428042f7ad24cead7,
        type: 3}
      propertyPath: m_LocalScale.y
      value: 5
      objectReference: {fileID: 0}
    - target: {fileID: 7106552215524079677, guid: f586c29636d9b23428042f7ad24cead7,
        type: 3}
      propertyPath: m_LocalScale.z
      value: 5
      objectReference: {fileID: 0}
    - target: {fileID: 7106552215524079677, guid: f586c29636d9b23428042f7ad24cead7,
        type: 3}
      propertyPath: m_LocalPosition.x
      value: 0
      objectReference: {fileID: 0}
    - target: {fileID: 7106552215524079677, guid: f586c29636d9b23428042f7ad24cead7,
        type: 3}
      propertyPath: m_LocalPosition.y
      value: -0.1185
      objectReference: {fileID: 0}
    - target: {fileID: 7106552215524079677, guid: f586c29636d9b23428042f7ad24cead7,
        type: 3}
      propertyPath: m_LocalPosition.z
      value: 0
      objectReference: {fileID: 0}
    - target: {fileID: 7106552215524079677, guid: f586c29636d9b23428042f7ad24cead7,
        type: 3}
      propertyPath: m_LocalRotation.w
      value: 0
      objectReference: {fileID: 0}
    - target: {fileID: 7106552215524079677, guid: f586c29636d9b23428042f7ad24cead7,
        type: 3}
      propertyPath: m_LocalRotation.x
      value: 1
      objectReference: {fileID: 0}
    - target: {fileID: 7106552215524079677, guid: f586c29636d9b23428042f7ad24cead7,
        type: 3}
      propertyPath: m_LocalRotation.y
      value: 0
      objectReference: {fileID: 0}
    - target: {fileID: 7106552215524079677, guid: f586c29636d9b23428042f7ad24cead7,
        type: 3}
      propertyPath: m_LocalRotation.z
      value: 0
      objectReference: {fileID: 0}
    - target: {fileID: 7106552215524079677, guid: f586c29636d9b23428042f7ad24cead7,
        type: 3}
      propertyPath: m_LocalEulerAnglesHint.x
      value: 180
      objectReference: {fileID: 0}
    - target: {fileID: 7106552215524079677, guid: f586c29636d9b23428042f7ad24cead7,
        type: 3}
      propertyPath: m_LocalEulerAnglesHint.y
      value: 0
      objectReference: {fileID: 0}
    - target: {fileID: 7106552215524079677, guid: f586c29636d9b23428042f7ad24cead7,
        type: 3}
      propertyPath: m_LocalEulerAnglesHint.z
      value: 0
      objectReference: {fileID: 0}
    - target: {fileID: 7625820374158254727, guid: f586c29636d9b23428042f7ad24cead7,
        type: 3}
      propertyPath: m_Name
      value: Pin Preview
      objectReference: {fileID: 0}
    m_RemovedComponents:
    - {fileID: 6387468059907563167, guid: f586c29636d9b23428042f7ad24cead7, type: 3}
    - {fileID: 7290692508064062212, guid: f586c29636d9b23428042f7ad24cead7, type: 3}
    - {fileID: 7969720188866134155, guid: f586c29636d9b23428042f7ad24cead7, type: 3}
    - {fileID: 3189370918133836507, guid: f586c29636d9b23428042f7ad24cead7, type: 3}
    - {fileID: 7458841793308634496, guid: f586c29636d9b23428042f7ad24cead7, type: 3}
    - {fileID: 1938859864132993022, guid: f586c29636d9b23428042f7ad24cead7, type: 3}
    - {fileID: 4676611513298632936, guid: f586c29636d9b23428042f7ad24cead7, type: 3}
    - {fileID: 1418307089164786862, guid: f586c29636d9b23428042f7ad24cead7, type: 3}
    - {fileID: 8239635800058530297, guid: f586c29636d9b23428042f7ad24cead7, type: 3}
    - {fileID: 3362389678802868897, guid: f586c29636d9b23428042f7ad24cead7, type: 3}
    - {fileID: 2089856402325097556, guid: f586c29636d9b23428042f7ad24cead7, type: 3}
    - {fileID: 3508189402956079000, guid: f586c29636d9b23428042f7ad24cead7, type: 3}
    - {fileID: 5726600005953190235, guid: f586c29636d9b23428042f7ad24cead7, type: 3}
    - {fileID: 2599001912826017233, guid: f586c29636d9b23428042f7ad24cead7, type: 3}
    - {fileID: 1347036350000371514, guid: f586c29636d9b23428042f7ad24cead7, type: 3}
    - {fileID: 911276501623623996, guid: f586c29636d9b23428042f7ad24cead7, type: 3}
    - {fileID: 6979198091609033057, guid: f586c29636d9b23428042f7ad24cead7, type: 3}
    m_RemovedGameObjects:
    - {fileID: 7842592364720422488, guid: f586c29636d9b23428042f7ad24cead7, type: 3}
    m_AddedGameObjects: []
    m_AddedComponents: []
  m_SourcePrefab: {fileID: 100100000, guid: f586c29636d9b23428042f7ad24cead7, type: 3}
--- !u!4 &8373751473417855480 stripped
Transform:
  m_CorrespondingSourceObject: {fileID: 7106552215524079677, guid: f586c29636d9b23428042f7ad24cead7,
    type: 3}
  m_PrefabInstance: {fileID: 1633118982475766213}
  m_PrefabAsset: {fileID: 0}
--- !u!1 &9186879476796619586 stripped
GameObject:
  m_CorrespondingSourceObject: {fileID: 7625820374158254727, guid: f586c29636d9b23428042f7ad24cead7,
    type: 3}
  m_PrefabInstance: {fileID: 1633118982475766213}
  m_PrefabAsset: {fileID: 0}
--- !u!1001 &2522807490723249413
PrefabInstance:
  m_ObjectHideFlags: 0
  serializedVersion: 2
  m_Modification:
    serializedVersion: 3
    m_TransformParent: {fileID: 4475794348699291356}
    m_Modifications:
    - target: {fileID: -8679921383154817045, guid: 1fd43b29659e5fd46b2f0241618b24b9,
        type: 3}
      propertyPath: m_RootOrder
      value: -1
      objectReference: {fileID: 0}
    - target: {fileID: -8679921383154817045, guid: 1fd43b29659e5fd46b2f0241618b24b9,
        type: 3}
      propertyPath: m_LocalScale.x
      value: 0.375
      objectReference: {fileID: 0}
    - target: {fileID: -8679921383154817045, guid: 1fd43b29659e5fd46b2f0241618b24b9,
        type: 3}
      propertyPath: m_LocalScale.y
      value: 0.37500006
      objectReference: {fileID: 0}
    - target: {fileID: -8679921383154817045, guid: 1fd43b29659e5fd46b2f0241618b24b9,
        type: 3}
      propertyPath: m_LocalScale.z
      value: 0.37500006
      objectReference: {fileID: 0}
    - target: {fileID: -8679921383154817045, guid: 1fd43b29659e5fd46b2f0241618b24b9,
        type: 3}
      propertyPath: m_LocalPosition.x
      value: 0
      objectReference: {fileID: 0}
    - target: {fileID: -8679921383154817045, guid: 1fd43b29659e5fd46b2f0241618b24b9,
        type: 3}
      propertyPath: m_LocalPosition.y
      value: 0
      objectReference: {fileID: 0}
    - target: {fileID: -8679921383154817045, guid: 1fd43b29659e5fd46b2f0241618b24b9,
        type: 3}
      propertyPath: m_LocalPosition.z
      value: 0
      objectReference: {fileID: 0}
    - target: {fileID: -8679921383154817045, guid: 1fd43b29659e5fd46b2f0241618b24b9,
        type: 3}
      propertyPath: m_LocalRotation.w
      value: 1
      objectReference: {fileID: 0}
    - target: {fileID: -8679921383154817045, guid: 1fd43b29659e5fd46b2f0241618b24b9,
        type: 3}
      propertyPath: m_LocalRotation.x
      value: 0
      objectReference: {fileID: 0}
    - target: {fileID: -8679921383154817045, guid: 1fd43b29659e5fd46b2f0241618b24b9,
        type: 3}
      propertyPath: m_LocalRotation.y
      value: 0
      objectReference: {fileID: 0}
    - target: {fileID: -8679921383154817045, guid: 1fd43b29659e5fd46b2f0241618b24b9,
        type: 3}
      propertyPath: m_LocalRotation.z
      value: 0
      objectReference: {fileID: 0}
    - target: {fileID: -8679921383154817045, guid: 1fd43b29659e5fd46b2f0241618b24b9,
        type: 3}
      propertyPath: m_LocalEulerAnglesHint.x
      value: 0
      objectReference: {fileID: 0}
    - target: {fileID: -8679921383154817045, guid: 1fd43b29659e5fd46b2f0241618b24b9,
        type: 3}
      propertyPath: m_LocalEulerAnglesHint.y
      value: 0
      objectReference: {fileID: 0}
    - target: {fileID: -8679921383154817045, guid: 1fd43b29659e5fd46b2f0241618b24b9,
        type: 3}
      propertyPath: m_LocalEulerAnglesHint.z
      value: 0
      objectReference: {fileID: 0}
    - target: {fileID: -8679921383154817045, guid: 1fd43b29659e5fd46b2f0241618b24b9,
        type: 3}
      propertyPath: m_ConstrainProportionsScale
      value: 1
      objectReference: {fileID: 0}
    - target: {fileID: -7511558181221131132, guid: 1fd43b29659e5fd46b2f0241618b24b9,
        type: 3}
      propertyPath: m_Materials.Array.data[0]
      value: 
      objectReference: {fileID: 2100000, guid: 33eff8da22d531e44a2956161bc3b01c, type: 2}
    - target: {fileID: -7511558181221131132, guid: 1fd43b29659e5fd46b2f0241618b24b9,
        type: 3}
      propertyPath: m_Materials.Array.data[1]
      value: 
      objectReference: {fileID: 2100000, guid: 33eff8da22d531e44a2956161bc3b01c, type: 2}
    - target: {fileID: 919132149155446097, guid: 1fd43b29659e5fd46b2f0241618b24b9,
        type: 3}
      propertyPath: m_Name
      value: Pin Indicator
      objectReference: {fileID: 0}
    - target: {fileID: 919132149155446097, guid: 1fd43b29659e5fd46b2f0241618b24b9,
        type: 3}
      propertyPath: m_Layer
      value: 9
      objectReference: {fileID: 0}
    - target: {fileID: 919132149155446097, guid: 1fd43b29659e5fd46b2f0241618b24b9,
        type: 3}
      propertyPath: m_IsActive
      value: 1
      objectReference: {fileID: 0}
    - target: {fileID: 1598750246440374648, guid: 1fd43b29659e5fd46b2f0241618b24b9,
        type: 3}
      propertyPath: m_Materials.Array.data[0]
      value: 
      objectReference: {fileID: 2100000, guid: 33eff8da22d531e44a2956161bc3b01c, type: 2}
    - target: {fileID: 5465773178182301680, guid: 1fd43b29659e5fd46b2f0241618b24b9,
        type: 3}
      propertyPath: m_Layer
      value: 9
      objectReference: {fileID: 0}
    m_RemovedComponents: []
    m_RemovedGameObjects: []
    m_AddedGameObjects: []
    m_AddedComponents: []
  m_SourcePrefab: {fileID: 100100000, guid: 1fd43b29659e5fd46b2f0241618b24b9, type: 3}
--- !u!4 &2632469940409309934 stripped
Transform:
  m_CorrespondingSourceObject: {fileID: -8679921383154817045, guid: 1fd43b29659e5fd46b2f0241618b24b9,
    type: 3}
  m_PrefabInstance: {fileID: 2522807490723249413}
  m_PrefabAsset: {fileID: 0}
--- !u!1 &3441798886284181588 stripped
GameObject:
  m_CorrespondingSourceObject: {fileID: 919132149155446097, guid: 1fd43b29659e5fd46b2f0241618b24b9,
    type: 3}
  m_PrefabInstance: {fileID: 2522807490723249413}
  m_PrefabAsset: {fileID: 0}
--- !u!1001 &3659028324237292632
PrefabInstance:
  m_ObjectHideFlags: 0
  serializedVersion: 2
  m_Modification:
    serializedVersion: 3
    m_TransformParent: {fileID: 1897869906334897331}
    m_Modifications:
    - target: {fileID: -8679921383154817045, guid: a97d6d034dbd867479ecc986749a6032,
        type: 3}
      propertyPath: m_RootOrder
      value: 0
      objectReference: {fileID: 0}
    - target: {fileID: -8679921383154817045, guid: a97d6d034dbd867479ecc986749a6032,
        type: 3}
      propertyPath: m_LocalScale.x
      value: 0.02
      objectReference: {fileID: 0}
    - target: {fileID: -8679921383154817045, guid: a97d6d034dbd867479ecc986749a6032,
        type: 3}
      propertyPath: m_LocalScale.y
      value: 0.02
      objectReference: {fileID: 0}
    - target: {fileID: -8679921383154817045, guid: a97d6d034dbd867479ecc986749a6032,
        type: 3}
      propertyPath: m_LocalScale.z
      value: 0.02
      objectReference: {fileID: 0}
    - target: {fileID: -8679921383154817045, guid: a97d6d034dbd867479ecc986749a6032,
        type: 3}
      propertyPath: m_LocalPosition.x
      value: 0
      objectReference: {fileID: 0}
    - target: {fileID: -8679921383154817045, guid: a97d6d034dbd867479ecc986749a6032,
        type: 3}
      propertyPath: m_LocalPosition.y
      value: 0
      objectReference: {fileID: 0}
    - target: {fileID: -8679921383154817045, guid: a97d6d034dbd867479ecc986749a6032,
        type: 3}
      propertyPath: m_LocalPosition.z
      value: 0
      objectReference: {fileID: 0}
    - target: {fileID: -8679921383154817045, guid: a97d6d034dbd867479ecc986749a6032,
        type: 3}
      propertyPath: m_LocalRotation.w
      value: 1
      objectReference: {fileID: 0}
    - target: {fileID: -8679921383154817045, guid: a97d6d034dbd867479ecc986749a6032,
        type: 3}
      propertyPath: m_LocalRotation.x
      value: 0
      objectReference: {fileID: 0}
    - target: {fileID: -8679921383154817045, guid: a97d6d034dbd867479ecc986749a6032,
        type: 3}
      propertyPath: m_LocalRotation.y
      value: 0
      objectReference: {fileID: 0}
    - target: {fileID: -8679921383154817045, guid: a97d6d034dbd867479ecc986749a6032,
        type: 3}
      propertyPath: m_LocalRotation.z
      value: 0
      objectReference: {fileID: 0}
    - target: {fileID: -8679921383154817045, guid: a97d6d034dbd867479ecc986749a6032,
        type: 3}
      propertyPath: m_LocalEulerAnglesHint.x
      value: 0
      objectReference: {fileID: 0}
    - target: {fileID: -8679921383154817045, guid: a97d6d034dbd867479ecc986749a6032,
        type: 3}
      propertyPath: m_LocalEulerAnglesHint.y
      value: 0
      objectReference: {fileID: 0}
    - target: {fileID: -8679921383154817045, guid: a97d6d034dbd867479ecc986749a6032,
        type: 3}
      propertyPath: m_LocalEulerAnglesHint.z
      value: 0
      objectReference: {fileID: 0}
    - target: {fileID: -8679921383154817045, guid: a97d6d034dbd867479ecc986749a6032,
        type: 3}
      propertyPath: m_ConstrainProportionsScale
      value: 1
      objectReference: {fileID: 0}
    - target: {fileID: 919132149155446097, guid: a97d6d034dbd867479ecc986749a6032,
        type: 3}
      propertyPath: m_Name
      value: Microphone Low
      objectReference: {fileID: 0}
    m_RemovedComponents:
    - {fileID: -7724454044985841780, guid: a97d6d034dbd867479ecc986749a6032, type: 3}
    - {fileID: -2354779194628793394, guid: a97d6d034dbd867479ecc986749a6032, type: 3}
    - {fileID: 6979091442509414078, guid: a97d6d034dbd867479ecc986749a6032, type: 3}
    m_RemovedGameObjects: []
    m_AddedGameObjects: []
    m_AddedComponents:
    - targetCorrespondingSourceObject: {fileID: -3550440621515616307, guid: a97d6d034dbd867479ecc986749a6032,
        type: 3}
      insertIndex: -1
      addedObject: {fileID: 6603101838008166989}
    - targetCorrespondingSourceObject: {fileID: 7580256059388975980, guid: a97d6d034dbd867479ecc986749a6032,
        type: 3}
      insertIndex: -1
      addedObject: {fileID: 2075762440821286526}
    - targetCorrespondingSourceObject: {fileID: 8965056462016965952, guid: a97d6d034dbd867479ecc986749a6032,
        type: 3}
      insertIndex: -1
      addedObject: {fileID: 7484708543725219511}
  m_SourcePrefab: {fileID: 100100000, guid: a97d6d034dbd867479ecc986749a6032, type: 3}
--- !u!23 &2105845566140231552 stripped
MeshRenderer:
  m_CorrespondingSourceObject: {fileID: -5765155365559788584, guid: a97d6d034dbd867479ecc986749a6032,
    type: 3}
  m_PrefabInstance: {fileID: 3659028324237292632}
  m_PrefabAsset: {fileID: 0}
--- !u!4 &3840941160453166003 stripped
Transform:
  m_CorrespondingSourceObject: {fileID: -8679921383154817045, guid: a97d6d034dbd867479ecc986749a6032,
    type: 3}
  m_PrefabInstance: {fileID: 3659028324237292632}
  m_PrefabAsset: {fileID: 0}
--- !u!1 &5669255149795072280 stripped
GameObject:
  m_CorrespondingSourceObject: {fileID: 8965056462016965952, guid: a97d6d034dbd867479ecc986749a6032,
    type: 3}
  m_PrefabInstance: {fileID: 3659028324237292632}
  m_PrefabAsset: {fileID: 0}
--- !u!64 &7484708543725219511
MeshCollider:
  m_ObjectHideFlags: 0
  m_CorrespondingSourceObject: {fileID: 0}
  m_PrefabInstance: {fileID: 0}
  m_PrefabAsset: {fileID: 0}
  m_GameObject: {fileID: 5669255149795072280}
  m_Material: {fileID: 0}
  m_IncludeLayers:
    serializedVersion: 2
    m_Bits: 0
  m_ExcludeLayers:
    serializedVersion: 2
    m_Bits: 0
  m_LayerOverridePriority: 0
  m_IsTrigger: 0
  m_ProvidesContacts: 0
  m_Enabled: 1
  serializedVersion: 5
  m_Convex: 1
  m_CookingOptions: 14
  m_Mesh: {fileID: 9118288093542824303, guid: a97d6d034dbd867479ecc986749a6032, type: 3}
--- !u!1 &6626202868038790964 stripped
GameObject:
  m_CorrespondingSourceObject: {fileID: 7580256059388975980, guid: a97d6d034dbd867479ecc986749a6032,
    type: 3}
  m_PrefabInstance: {fileID: 3659028324237292632}
  m_PrefabAsset: {fileID: 0}
--- !u!64 &2075762440821286526
MeshCollider:
  m_ObjectHideFlags: 0
  m_CorrespondingSourceObject: {fileID: 0}
  m_PrefabInstance: {fileID: 0}
  m_PrefabAsset: {fileID: 0}
  m_GameObject: {fileID: 6626202868038790964}
  m_Material: {fileID: 0}
  m_IncludeLayers:
    serializedVersion: 2
    m_Bits: 0
  m_ExcludeLayers:
    serializedVersion: 2
    m_Bits: 0
  m_LayerOverridePriority: 0
  m_IsTrigger: 0
  m_ProvidesContacts: 0
  m_Enabled: 1
  serializedVersion: 5
  m_Convex: 1
  m_CookingOptions: 14
  m_Mesh: {fileID: 4409845493370966198, guid: a97d6d034dbd867479ecc986749a6032, type: 3}
--- !u!1 &8970387395915578261 stripped
GameObject:
  m_CorrespondingSourceObject: {fileID: -3550440621515616307, guid: a97d6d034dbd867479ecc986749a6032,
    type: 3}
  m_PrefabInstance: {fileID: 3659028324237292632}
  m_PrefabAsset: {fileID: 0}
--- !u!64 &6603101838008166989
MeshCollider:
  m_ObjectHideFlags: 0
  m_CorrespondingSourceObject: {fileID: 0}
  m_PrefabInstance: {fileID: 0}
  m_PrefabAsset: {fileID: 0}
  m_GameObject: {fileID: 8970387395915578261}
  m_Material: {fileID: 0}
  m_IncludeLayers:
    serializedVersion: 2
    m_Bits: 0
  m_ExcludeLayers:
    serializedVersion: 2
    m_Bits: 0
  m_LayerOverridePriority: 0
  m_IsTrigger: 0
  m_ProvidesContacts: 0
  m_Enabled: 1
  serializedVersion: 5
  m_Convex: 1
  m_CookingOptions: 14
  m_Mesh: {fileID: 5676313813632933508, guid: a97d6d034dbd867479ecc986749a6032, type: 3}
